3084 5067
628 363 786 426 ..aa-

116 528 165 599 50,
183 544 215 604 p.
228 526 281 599 66,
295 526 346 584 11.
360 556 401 570 -
413 523 576 601 Diligando
589 522 629 584 661
643 542 701 584 nos
718 522 836 584 domno
851 524 925 582 etin
940 522 1064 586 Christo
1076 522 1157 602 patri
1167 527 1288 584 nostro.

116 634 222 693 Form.
239 631 294 693 SB.
312 632 362 703 61,
379 650 410 710 p.
428 631 497 710 631,
513 632 543 690 6.
560 628 660 691 -Α6
678 630 748 708 ipsa
761 634 870 691 sancta
891 628 1022 691 basilica
1043 631 1201 708 praecipio
1217 648 1291 709 pos»

115 739 294 801 sitiendum.
309 740 421 800 TBert.
439 758 470 818 p.
487 740 556 813 666,
575 739 604 799 6.
622 770 661 784 --
677 738 761 799 Tunc
778 738 818 797 ad
833 738 918 816 pacis
934 736 1121 799 concordiae
1134 736 1202 798 sine
1225 738 1289 798 ullo

115 845 295 926 cupiditatis
310 845 441 907 crimine
456 846 604 924 pontefex
619 843 821 907 carnotensis
834 842 874 905 66
888 845 958 922 ipso
968 844 1080 905 abbate
1088 843 1139 905 661
1146 863 1204 906 666
1212 863 1289 907 con-

114 953 299 1030 gregatioue
319 953 500 1014 invitandus
514 953 565 1013 sit.
583 952 668 1014 Ghld.
686 952 755 1026 135,
780 970 810 1012 6.
835 952 905 1024 696,
923 969 954 1028 p.
970 951 1040 1010 635.
1067 950 1141 1011 1666
1164 968 1289 1030 quaqua

114 1063 186 1136 post
201 1058 360 1137 passivum
374 1058 525 1138 possideri
539 1078 548 1119 :
565 1057 649 1119 Sicut
668 1063 739 1119 acto
755 1063 897 1136 tempore
912 1058 952 1118 od
965 1057 1076 1120 liscum
1090 1058 1150 1118 tuit
1162 1074 1284 1135 posses-

114 1184 197 1227 sum.
215 1165 301 1227 Ghld.
317 1166 388 1241 358,
404 1185 434 1227 6.
450 1167 520 1241 667,
536 1185 567 1245 p.
581 1167 650 1226 111.
667 1197 705 1211 -
721 1166 833 1226 Totum
846 1170 876 1225 et
890 1165 930 1225 66
944 1164 1140 1243 integrum...
1159 1163 1199 1226 ad
1212 1165 1282 1245 ipsa

113 1279 224 1336 sancta
238 1273 368 1336 basilica
380 1273 414 1335 16
428 1274 483 1334 Dei
496 1273 623 1334 nomine
637 1272 826 1352 possidetur.
845 1272 951 1333 TBert.
967 1290 998 1351 p.
1015 1273 1085 1348 658,
1100 1273 1128 1332 1.
1145 1272 1283 1335 -Sicut

112 1380 235 1460 adipso
250 1379 480 1461 Bsudeghiselo
495 1397 675 1459 possessum
690 1379 758 1441 luit.
776 1379 821 1441 lb.
838 1398 869 1459 p.
884 1380 954 1453 661,
973 1380 1002 1439 1.

153 1486 186 1567 d)
200 1487 248 1547 Ad
262 1503 392 1566 666666
407 1487 446 1548 66
465 1485 663 1566 possessione
686 1503 742 1565 per
757 1483 1005 1547 adtributionem
1019 1489 1095 1546 noto
1118 1484 1282 1548 661666666

112 1594 210 1655 etiam
223 1595 346 1657 videtur
360 1597 528 1665 structura,
543 1593 630 1654 ouius
646 1592 790 1671 exempla
803 1591 853 1652 vel
868 1591 900 1652 in
915 1592 1092 1652 deterrimis
1103 1592 1173 1652 6661
1187 1592 1285 1654 16666-

113 1698 231 1777 viugici
250 1698 466 1762 instrumentis
480 1697 632 1779 pauciora
647 1703 825 1774 occurrunt,
839 1716 919 1777 quae
933 1703 1038 1760 tamen
1053 1699 1097 1758 ita
1110 1698 1285 1777 praevaluit

114 1811 149 1867 ut
162 1808 204 1868 ad
217 1811 356 1868 veterem
378 1808 574 1869 romanioam
595 1807 738 1886 syntaxin
760 1805 968 1867 ordinandam
989 1823 1053 1866 non
1073 1823 1171 1883 parvo
1193 1806 1286 1866 luerit

114 1917 287 1975 momento.
314 1915 511 1976 structuram
535 1913 603 1975 dico
630 1931 691 1991 666
713 1910 906 1992 praepositio
928 1912 967 1974 66
987 1912 1145 1974 interduo
1160 1914 1287 1975 nomina

114 2020 219 2099 posita
228 2019 440 2098 possessionis
450 2019 636 2081 relationem
647 2019 847 2098 perspicuam
859 2017 965 2097 signat
975 2019 1076 2080 etvim
1085 2020 1288 2099 propehabet

115 2125 256 2204 genetivi
267 2127 465 2189 coniunctivi.
483 2127 697 2188 creberrimos
721 2126 887 2187 dumtaxat
901 2127 998 2186 fuisse
1011 2145 1087 2186 usus
1108 2125 1139 2187 in
1154 2126 1281 2204 vulgari

115 2251 261 2295 sermone
286 2235 440 2313 suspicari
454 2235 539 2310 lieet,
556 2234 612 2296 sed
631 2234 795 2314 prodeunt,
813 2238 846 2294 ut
860 2232 936 2304 dixi,
953 2235 1057 2295 rarius
1072 2234 1154 2312 apud
1170 2235 1286 2312 scripta

115 2341 319 2416 documenta,
349 2359 424 2402 nam
453 2341 533 2403 haec
558 2346 680 2402 tantum
695 2340 881 2421 'specimina
910 2340 1055 2418 colligere
1083 2340 1199 2419 potui:
1230 2339 1286 2402 Hic

114 2448 307 2527 requiiscunt
331 2447 461 2509 menbra
484 2448 524 2509 ad
542 2449 622 2508 6666
646 2443 758 2510 fratres
778 2447 865 2509 Gallo
888 2451 918 2508 et
937 2448 1094 2508 Fidencio.
1117 2448 1190 2509 166.
1214 2448 1284 2520 378,

114 2554 238 2626 Briord,
263 2573 289 2614 s.
313 2554 362 2615 Vl.
383 2585 424 2600 -
444 2554 628 2633 incipientes
649 2554 855 2633 antiphonam
874 2554 1048 2633 procedunt
1069 2552 1100 2613 in
1122 2553 1233 2615 cellam
1247 2552 1287 2615 66

115 2664 224 2721 sancto
249 2659 424 2722 Salvatore.
452 2659 567 2720 Sturm.
592 2678 623 2739 p.
651 2660 740 2732 1666,
758 2660 791 2720 G.
808 2691 847 2708 -
860 2659 950 2721 quta
963 2662 1069 2721 vineas
1093 2659 1132 2721 od
1154 2660 1287 2721 heredes

114 2768 228 2827 Attone
243 2767 410 2845 quondam,
428 2785 527 2846 usque
550 2766 590 2827 ad
614 2765 723 2829 616666
746 2768 854 2829 domni
878 2766 1035 2828 Germani.
1060 2767 1145 2829 Ghll.
1168 2769 1237 2843 363,
1255 2787 1285 2830 6.

114 2873 186 2947 616,
207 2890 238 2952 p.
261 2874 330 2933 156.
344 2874 479 2935 -Nam
500 2878 587 2934 terra
606 2872 646 2935 od
669 2873 722 2935 illo
744 2873 873 2935 homine
897 2892 1068 2953 numquam
1084 2874 1286 2938 fossadasset.

114 2979 222 3039 Form.
238 2979 316 3041 And.
333 2980 382 3056 68,
400 2998 432 3059 p.
445 2981 494 3055 13,
512 2981 560 3040 19.
578 3014 616 3024 -
630 2979 751 3041 Ancilla
765 2979 805 3041 ad
818 2980 883 3042 illo.
900 2980 945 3041 lb.
963 2981 1013 3052 15,
1028 2999 1058 3060 p.
1071 2982 1120 3056 60,
1135 2982 1165 3040 9.
1181 2982 1293 3062 Nemi„

113 3103 190 3146 nem
212 3104 289 3147 vero
315 3087 396 3166 fugit
418 3088 451 3147 in
474 3085 588 3165 gallica
609 3086 718 3165 lingua
741 3105 836 3166 saepe
859 3086 1021 3149 simillimo
1045 3089 1138 3149 modo
1166 3106 1289 3168 posses·

114 3193 239 3254 sionem
266 3192 497 3274 praepositione
524 3195 544 3255 6
570 3191 748 3255 declarari:
765 3192 841 3254 11116
862 3194 903 3256 od
926 3213 969 3255 un
991 3200 1094 3257 comte
1116 3196 1155 3257 de
1177 3196 1286 3258 Rome.

114 3299 232 3375 Alexis,
249 3301 279 3362 9.
295 3331 335 3346 -·
348 3302 392 3362 La
414 3298 469 3362 nel
481 3319 502 3363 6
516 3300 562 3362 661
583 3302 663 3361 saint
677 3300 784 3362 home.
801 3301 846 3364 lb.
868 3303 919 3363 40.
945 3336 986 3351 -
1009 3303 1067 3363 Les
1087 3303 1138 3363 lilz
1158 3321 1193 3365 aa
1214 3323 1288 3367 cun·

115 3411 197 3466 turs.
223 3404 435 3468 notato-
448 3407 501 3468 siz
519 3404 588 3468 616
608 3406 747 3467 honorae
766 3406 864 3469 Anne.
889 3406 975 3484 Rois,
996 3426 1026 3486 p.
1044 3410 1073 3471 7.
1088 3441 1129 3456 -
1142 3410 1244 3471 Arche
1258 3409 1291 3472 61

115 3513 180 3573 666
204 3513 242 3573 66
264 3513 370 3575 lsrael.
392 3513 435 3574 lb.
455 3531 487 3592 p.
509 3513 557 3572 18.
579 3514 682 3574 -La
703 3517 769 3573 tors
792 3531 827 3574 aa
848 3514 984 3593 puoeles.
1006 3514 1118 3591 Floire,
1142 3516 1230 3577 1896.
1249 3550 1289 3561 -

115 3620 195 3682 Fille
214 3620 306 3682 estoit
324 3639 364 3683 66
382 3621 429 3682 661
449 3621 672 3700 d’Alemaigne.
693 3620 738 3683 lb.
761 3622 850 3682 6358.
868 3656 906 3667 -
925 3623 1002 3685 6666
1022 3641 1042 3685 6
1060 3622 1149 3684 riche
1167 3624 1287 3704 prinae.

116 3725 233 3789 Villeh.
251 3728 321 3788 616.

101 3821 104 3826 ’
159 3832 262 3905 Quare
282 3835 379 3911 igitur
394 3833 419 3894 si
442 3834 579 3894 breviter
602 3850 680 3913 quae
702 3834 798 3894 modo
820 3836 950 3913 exposui
974 3837 1161 3898 contrahere
1181 3838 1285 3913 velim,

116 3958 194 4001 vere
208 3940 268 4002 dici
282 3946 383 4019 potest
398 3959 414 4001 e
428 3939 521 4002 locali
546 3939 708 4014 relatione,
725 3940 874 4001 adiuncta
898 3943 1036 4020 primum
1060 3944 1207 4004 movendi
1228 3963 1286 4004 no-

116 4049 216 4122 tione,
231 4046 494 4126 praepositionem
509 4045 548 4108 66
562 4045 712 4126 paulatim
723 4064 832 4108 omnes
843 4047 941 4108 dativi
950 4049 1169 4111 adtributionis
1182 4056 1289 4130 partes

117 4152 300 4231 amplexam
331 4171 409 4216 esse.
434 4154 583 4230 Signatur
605 4154 688 4214 enim
710 4153 791 4215 haec
818 4153 996 4230 adtributio,
1023 4157 1088 4216 6166
1112 4156 1226 4235 6116616
1249 4159 1289 4219 66

114 4259 225 4321 locum
237 4260 403 4339 deputetur
416 4260 466 4321 661
480 4260 574 4320 statui
587 4260 783 4334 adhaereat;
799 4260 939 4338 signatur
953 4262 979 4322 si
995 4280 1045 4324 res
1065 4262 1106 4323 ab
1127 4263 1232 4343 aliquo
1248 4265 1289 4326 ad

115 4365 255 4428 alterum
275 4365 833 4450 1666616666166666666111366616
852 4367 877 4428 si
900 4369 1033 4447 denique
1047 4373 1121 4448 post
1142 4369 1289 4432 intransi·
1341 4374 1350 4391 “

115 4472 185 4534 tiva
198 4473 295 4534 verba
308 4474 398 4552 quasi
413 4478 564 4552 perpetua
576 4473 736 4535 interdum
757 4475 932 4549 denotetur,
949 4474 1045 4537 etiam
1058 4481 1130 4555 post
1144 4477 1288 4538 substan·
