3084 5067
635 361 795 424 49..

128 525 295 585 occurrant
308 522 463 603 exempla,
480 523 617 584 arbitror
624 522 751 584 finalem
767 523 914 584 notitiam
921 521 991 584 aliis
998 521 1293 603 praepositionibus,

127 630 208 690 inter
221 648 300 709 quas
308 646 387 709 pour·
399 627 455 710 (ει
461 627 549 710 pro),
559 631 662 708 potius
678 631 833 707 signatam
849 647 927 691 esse.
937 630 1069 691 Inseruit
1083 629 1210 708 quidem
1225 648 1297 709 par-

126 734 224 796 ticula
237 738 257 797 d
271 735 554 798 constructionibus
576 755 655 815 quae
678 737 775 797 finem
789 754 913 816 quoquo
929 737 1087 810 denotant,
1114 736 1174 797 sed
1194 737 1298 797 minus

127 841 259 904 latinam
274 849 464 906 structuram
478 844 617 906 referunt
630 862 726 923 quam
748 843 775 904 si
789 845 829 906 ad
844 845 961 906 damna
976 843 1074 905 dativi
1089 861 1182 905 casus
1196 861 1300 905 resar-

126 947 240 1010 cienda
254 950 452 1029 spectaveris.

165 1054 198 1136 b)
211 1056 405 1137 Praepositio
420 1057 460 1118 ad
474 1059 556 1119 enim
568 1058 600 1119 in
610 1058 719 1120 intima
732 1058 885 1119 latinitate
900 1077 957 1136 pro
972 1059 1087 1134 dativo,
1105 1059 1159 1137 qui
1185 1056 1299 1119 dicitur

126 1163 286 1225 commodi
302 1170 333 1225 et
342 1164 533 1227 incommodi
543 1164 598 1248 (1),
611 1164 769 1228 interdum
784 1165 913 1245 ponitur
927 1170 959 1228 et
968 1183 1139 1246 personam
1149 1163 1254 1244 signat
1266 1166 1301 1227 in

126 1270 318 1333 cuiusfinem
331 1271 368 1332 fit
381 1272 498 1352 aliquid
513 1292 521 1335 :
534 1274 588 1336 Est
601 1274 685 1336 enim
699 1292 809 1337 omnes
827 1274 962 1354 populus
985 1271 1134 1346 infidelis,
1153 1273 1300 1352 periuriis

126 1376 261 1454 deditus,
279 1379 370 1441 furtis
384 1380 591 1457 obnoxius,in
605 1380 784 1443 homicidiis
802 1386 978 1462 prumptus,
995 1381 1035 1443 ad
1059 1381 1172 1460 quibus
1195 1379 1302 1442 nullus

127 1484 265 1548 iustitiae
289 1486 408 1548 fructus
423 1487 600 1549 nullatenus
613 1489 734 1550 crescit.
751 1488 845 1568 Greg.
869 1490 942 1549 Tur.
959 1488 1157 1563 111111.-
1179 1488 1305 1548 Maneat

128 1591 421 1671 quioquid'antefati
434 1592 494 1656 viri
509 1594 563 1655 Dei
578 1593 618 1655 ad
640 1599 751 1657 nostro
774 1595 968 1657 monasterio
997 1594 1229 1673 conquesierint
1253 1592 1305 1655 vel

127 1697 352 1761 laboraverint.
369 1700 450 1780 Dipl.
462 1702 539 1778 Reg.
556 1702 605 1777 93,
623 1720 653 1763 1.
671 1703 739 1778 717,
751 1719 783 1780 p.
794 1702 904 1777 8135.
919 1700 1015 1762 Multo
1035 1704 1142 1761 tamen
1157 1694 1305 1779 frequen·

128 1806 192 1868 tius
205 1824 264 1884 pro
279 1808 385 1869 dativo
399 1808 557 1869 commodi
571 1812 602 1869 et
615 1808 807 1871 incommodi
817 1808 992 1869 adhibitam
1000 1807 1034 1868 in
1041 1807 1194 1869 latinitate
1205 1824 1307 1867 mero-

126 1912 471 1989 vingicavel'karolina
493 1913 684 1976 locutionem
706 1913 987 1975 redundantemad
1001 1931 1073 1993 opus
1094 1913 1243 1994 reperias,
1272 1917 1307 1973 ut

127 2020 163 2080 in
175 2019 241 2079 bis:
252 2020 320 2099 lpse
330 2022 471 2098 pontifex
479 2021 613 2082 domnus
624 2021 835 2083 Amandusad
844 2020 916 2101 optat
928 2022 1159 2083 monachorum
1174 2036 1304 2082 suorum

128 2126 249 2205 absque
263 2127 328 2187 ulla
346 2126 590 2190 contradictione
611 2127 661 2189 vel
688 2128 929 2190 diminoratione
950 2132 1055 2189 teneat
1078 2146 1114 2188 ac
1129 2126 1302 2206 possideat.

129 2232 211 2312 Dipl.
224 2236 300 2311 Reg.
317 2235 367 2310 15,
383 2254 412 2296 a.
443 2236 512 2309 661,
534 2255 565 2315 p.
581 2236 632 2307 16,
648 2236 697 2296 36.
716 2271 752 2284 -
768 2236 829 2295 Ρ11
857 2253 950 2314 quem
978 2234 1099 2312 accepit
1117 2230 1305 2295 venerabilis

15 2429 16 2436 ἵ
127 2339 176 2402 vir
190 2339 244 2401 illc
258 2340 341 2402 abba
355 2340 395 2403 ud
409 2359 482 2421 opus
505 2341 699 2404 monasterio
723 2361 791 2404 suo.
814 2344 919 2403 Form.
945 2340 1000 2402 SB.
1018 2342 1067 2416 15,
1082 2359 1113 2420 p.
1130 2341 1201 2411 134,
1219 2340 1249 2402 1.
1264 2368 1306 2386 -

129 2445 314 2519 Quindecim
329 2448 445 2510 solidos
472 2454 627 2528 conponat
645 2448 685 2511 ud
713 2466 786 2528 opus
799 2451 894 2527 regis.
919 2449 1020 2528 Gapit.
1047 2449 1115 2508 ΚΜ.
1134 2448 1248 2522 11791,
1271 2465 1302 2525 p.

129 2554 502 2628 71,35.-Α111111111
528 2574 607 2635 quae
622 2555 662 2617 ad
689 2573 796 2616 meum
823 2574 896 2635 opus
919 2556 1033 2618 habeo.
1051 2555 1177 2632 Hbang.
1199 2554 1249 2629 11,
1271 2571 1302 2614 a.

127 2661 200 2735 813,
216 2679 250 2740 p.
264 2662 313 2723 81.
324 2662 435 2723 —Ubi
450 2660 489 2723 ad
503 2679 575 2741 opus
588 2668 732 2730 nostrum
743 2662 867 2723 decima
877 2663 1022 2739 exigitur.
1038 2662 1144 2723 Form.
1162 2660 1240 2740 Imp.
1253 2659 1304 2735 37,

128 2786 160 2847 p.
174 2769 245 2843 315,
259 2770 307 2830 15.
325 2768 408 2841 Quae
423 2767 551 2848 quidem
565 2768 701 2831 formula
714 2770 795 2831 adeo
809 2767 1021 2847 praevaluisse
1036 2768 1086 2830 vel
1099 2769 1132 2828 in
1146 2767 1304 2829 cotidiano

129 2875 424 2950 sermonevidetur‚
449 2880 483 2936 ut
511 2875 657 2953 gallicam
671 2874 711 2937 cd
736 2893 784 2937 ces
802 2877 835 2935 in
854 2875 1013 2937 ueteribus
1037 2872 1249 2936 monumentis
1264 2872 1305 2935 ad

128 2979 367 3048 similitudinem
381 2983 577 3044 inveniamus
593 3006 601 3045 ι
617 2980 664 3044 Aa
686 3000 734 3043 eea
749 2982 830 3043 seint
843 2983 951 3043 Pierre
973 2999 1012 3042 en
1028 2978 1173 3061 cunquist
1187 2979 1216 3041 le
1232 2980 1306 3042 che·

128 3105 223 3166 vage.
240 3088 310 3152 Rol.
327 3089 396 3150 373.
412 3120 452 3138 ·-
464 3087 512 3151 Ad
526 3107 574 3151 001
588 3089 703 3151 Garlun
719 3090 745 3150 si
760 3107 857 3167 grana
868 3093 936 3169 pais
949 3087 1090 3168 cunquis.
1103 3086 1148 3148 [b.
1161 3087 1250 3148 1833.
1265 3117 1306 3133 ·-

129 3193 242 3255 Receif
253 3194 281 3255 oi
295 3195 371 3258 treis
385 3196 467 3256 muis
482 3195 520 3256 de
535 3195 597 3258 flur
625 3195 657 3257 01
682 3213 731 3257 oea
746 3201 792 3256 tes
814 3195 923 3256 ireres.
952 3192 1039 3267 Rois,
1051 3213 1083 3274 p.
1099 3195 1149 3256 63.
1165 3227 1205 3242 ··-
1219 3194 1252 3256 Si
1266 3209 1306 3254 ne

129 3300 279 3364 mevenit
292 3320 381 3364 ason
396 3319 447 3364 eur
461 3304 587 3364 retenir.
605 3303 710 3379 Gouci,
725 3287 869 3374 Bartsch,
885 3321 917 3381 p.
933 3303 1004 3376 111,
1019 3303 1071 3363 10.
1084 3333 1122 3349 ·-
1134 3300 1190 3362 Fai
1212 3318 1232 3363 0
1249 3304 1307 3362 tun

129 3425 201 3469 oues
215 3406 244 3469 11
253 3409 328 3487 pain
342 3410 467 3486 garder.
485 3409 580 3471 Marie
595 3409 736 3484 (111111,
754 3410 823 3469 tou.

172 3514 202 3595 c)
213 3515 274 3576 Sed
287 3516 526 3595 praepositioad
535 3517 719 3596 praesertim
730 3515 820 3594 quasi
830 3514 927 3577 dativi
940 3514 1043 3577 finalis
1053 3515 1306 3595 supplementum

127 3620 244 3682 haberi
256 3626 370 3700 potest,
386 3622 468 3683 unde
478 3622 632 3701 probatur
647 3621 741 3683 etiam
756 3639 851 3701 quam
865 3621 930 3685 lato
945 3641 1003 3683 usu
1013 3623 1078 3683 vim
1092 3619 1200 3683 amissi
1215 3639 1306 3683 casus

127 3728 403 3806 redintegrarent.
420 3728 531 3790 Dativo
546 3730 631 3790 euim
646 3728 747 3790 Latini
757 3734 885 3790 utuntur
910 3747 981 3790 cum
1006 3728 1112 3790 multis
1124 3729 1230 3790 verbis
1244 3732 1306 3789 sta-

126 3834 263 3930 tumlvel
276 3835 520 3897 adtributionem
535 3835 778 3912 declarantibus,
796 3834 940 3916 quotiens
953 3836 1141 3897 subauditur
1150 3834 1307 3897 eiusmodi
1377 3837 1379 3842 ’

128 3939 238 4004 notio:
253 3959 316 4019 quo
333 3942 454 4003 tendit?
470 3961 534 4021 quo
547 3944 690 4022 spectat?
719 3947 753 4003 ut
780 3942 812 4004 in
827 3943 877 4003 his
894 3960 901 4003 :
919 3942 1040 4004 Nemini
1051 3961 1139 4004 meus
1154 3943 1307 4003 adventus

126 4046 234 4108 labori
249 4052 302 4108 aut
317 4048 455 4128 sumptui
476 4049 543 4109 fuit.
574 4048 637 4110 Cic.
651 4049 740 4109 Verr.
756 4050 786 4123 1,
811 4051 840 4124 1,
853 4050 883 4108 6.
900 4081 940 4115 -.-
955 4050 1077 4110 Habere
1092 4046 1247 4125 religioni.
1260 4047 1304 4108 ld.

122 4153 168 4214 de
183 4152 279 4215 divin.
297 4155 326 4229 1,
343 4156 393 4215 35.
407 4186 447 4200 -
458 4154 539 4216 Vitio
554 4159 584 4215 et
599 4155 708 4235 culpae
719 4154 842 4215 dedisti.
859 4155 905 4217 id.
920 4174 979 4235 pro
993 4156 1085 4218 Rosc.
1100 4155 1204 4222 16.,-
1219 4153 1307 4225 Quod

127 4259 178 4321 illi
209 4261 405 4322 tribuebatur
427 4260 581 4339 ignaviae.
613 4262 657 4322 Id.
675 4262 714 4322 ad
736 4261 811 4323 tam.
836 4262 865 4336 1,
893 4263 942 4336 16,
959 4263 989 4323 3.
1012 4295 1052 4308 -
1066 4262 1172 4340 Neque
1186 4260 1248 4321 hoc
1263 4260 1307 4319 itti

169 4488 203 4554 (t)
216 4491 253 4540 Dc
266 4503 318 4554 quo
333 4489 493 4556 ctsbtadvig,
508 4490 635 4550 uramm„
648 4495 660 4551 t
674 4492 734 4554 111;
745 4492 871 4555 Draeger,
885 4492 952 4543 Hiat.
962 4492 1049 4556 Syat..
1062 4497 1082 4543 t.
1095 4491 1116 4553 1,
1130 4504 1155 4555 p.
1166 4493 1220 4541 tat.

1228 4581 1243 4627 t
