3084 5067
646 305 806 366 ...19-

141 465 263 540 sertim,
281 466 325 526 ita
343 471 379 526 ut
393 464 534 544 signaret
547 467 661 542 locum,
683 463 820 546 tempus,
836 465 932 527 finem
948 471 979 527 et
1001 463 1143 540 modum,
1159 465 1308 527 hahuisse

89 573 93 578 “
139 571 296 647 videatur,
322 578 446 634 nonest
471 573 600 635 dubium
615 573 641 634 si
665 576 770 636 varios
794 590 902 634 sensus
916 574 957 635 ab
981 574 1102 652 origine
1125 577 1307 651 repetamus

140 679 218 757 quin
232 679 296 740 rim
307 678 439 741 localem
449 680 627 742 exhibuerit
639 680 782 761 inprimis
790 686 821 743 et
828 682 1066 760 proximitatem
1081 680 1304 754 declaraverim

138 802 206 845 non
220 784 351 846 dubium
367 785 441 865 quin
455 789 551 848 ceteri
565 788 638 849 inde
651 806 728 848 usus
738 787 823 849 velut
837 805 876 849 ex
889 806 953 849 uno
968 788 1053 849 fonte
1068 787 1211 865 depromi
1232 804 1306 865 pos·

139 891 212 951 sint.
230 889 290 952 Sed
305 894 471 953 materiam
486 895 531 956 sio
547 894 796 973 ingredientibus
820 893 958 956 occurrit
971 895 1078 955 statim
1102 890 1260 953 distinctio
1276 896 1306 953 et

138 998 196 1059 illa
220 1000 348 1079 quidem
370 1003 569 1062 necessaria:
599 1020 713 1082 nempe
741 1001 781 1064 ad
808 1003 894 1081 apud
918 1003 1044 1063 Latinos
1067 1000 1158 1081 quasi
1187 999 1305 1078 duplici

136 1125 199 1167 usu
212 1107 342 1168 inservit
363 1107 433 1169 loco
455 1113 487 1169 et
505 1111 774 1189 propinquitatem
798 1108 954 1189 significat
973 1109 1036 1170 sive
1058 1125 1114 1187 per
1134 1111 1255 1168 motum
1274 1110 1305 1166 et

136 1213 367 1287 accessionem,
397 1215 462 1276 sive
490 1233 570 1296 quae
596 1216 739 1297 provenit
767 1215 985 1296 expositione
1009 1215 1136 1277 exclusa
1158 1212 1306 1274 movendi

135 1320 279 1397 notione,
298 1320 345 1382 ita
366 1326 402 1382 ut
422 1321 469 1384 ire
491 1321 531 1385 ad
557 1322 663 1385 oriem
687 1322 809 1403 possim
834 1322 954 1398 dicere,
982 1326 1014 1383 et
1037 1320 1153 1399 alioqui
1180 1336 1243 1380 aare
1266 1316 1306 1379 ad

134 1425 253 1490 arbam.

177 1535 267 1609 Quod
281 1536 451 1620 proiectoa
464 1538 571 1600 latinis
587 1539 802 1617 grammaticis
822 1543 854 1600 et
872 1538 955 1600 inter
968 1541 1088 1599 ceteros
1104 1555 1124 1597 a
1142 1535 1302 1597 Prisciano

135 1643 203 1704 iam
224 1642 424 1705 observatum
446 1650 494 1707 est
513 1663 551 1707 ac
564 1650 709 1707 notatum
724 1664 732 1706 ε
750 1668 766 1703 «
779 1643 827 1706 Aa
840 1650 906 1707 tam
924 1647 958 1706 in
972 1644 1199 1723 compositione
1208 1659 1305 1721 quam

134 1751 171 1811 in
187 1752 384 1831 appositione
409 1753 595 1833 plerumque
619 1754 855 1833 proximitatem
882 1751 1049 1830 significat,
1072 1754 1106 1811 ut
1133 1749 1217 1829 adeo,
1246 1746 1303 1810 ad-

134 1874 236 1938 oarro,
267 1858 404 1940 advenio,
433 1860 561 1933 arrideo,
591 1859 630 1922 ad
653 1858 773 1922 Troiam
798 1878 857 1940 pro
876 1860 962 1923 iacta
982 1857 1113 1937 Troiam,
1135 1855 1175 1919 ad
1199 1853 1304 1918 arbem

129 1982 191 2045 pro
206 1966 292 2028 iuxta
304 1966 419 2046 artem,
431 1966 471 2028 ad
486 1967 610 2030 baimam
620 1965 807 2047 Pallacinas,
828 1967 889 2028 hoc
908 1965 1055 2028 estimato
1076 1964 1200 2026 balneas
1211 1986 1226 2019 »
1246 1961 1302 2044 (1).

133 2072 219 2133 Inter
232 2074 424 2134 recentiores
437 2092 513 2135 vero
529 2076 754 2152 grammaticos
774 2078 843 2135 orta
858 2079 904 2134 est
918 2073 1077 2134 contentio
1098 2075 1205 2131 utrum
1229 2088 1302 2148 pro·

132 2178 321 2258 pinquitatis
335 2198 392 2259 per
406 2182 617 2242 accessionem
631 2200 673 2241 an
689 2199 727 2242 ex
740 2182 894 2261 positione
904 2180 1096 2259 primitivam
1110 2177 1301 2257 praepositio

134 2285 299 2348 exhiberet
318 2289 488 2348 notionem.
521 2289 626 2350 Novus
653 2289 736 2348 enim
752 2289 853 2350 editor
881 2285 981 2348 Totius
1003 2283 1176 2346 Latinitatis
1198 2281 1303 2344 Leaici

132 2397 225 2472 putat
240 2416 255 2451 a
272 2395 467 2473 primitivam
481 2397 641 2457 notionem
656 2414 722 2457 esse
743 2395 838 2469 hano,
855 2400 891 2455 ut
905 2393 944 2456 ad
959 2394 1087 2455 omnino
1107 2389 1300 2453 directionem

131 2500 274 2579 aliquam
289 2502 456 2580 significet,
473 2503 599 2565 exclusa
625 2503 901 2582 appropinquandi
915 2500 1060 2573 notione;
1075 2499 1149 2560 inde
1173 2498 1301 2559 demum

130 2608 202 2668 iure
225 2609 361 2669 derivari
385 2610 483 2683 illam,
506 2628 601 2689 quam
625 2611 761 2689 primam
785 2608 983 2670 Kaercherus
1004 2608 1118 2686 posuit,
1147 2604 1302 2683 significa·

131 2714 252 2776 tionem
277 2716 573 2797 appropinquandi»
597 2715 652 2798 (i).
673 2718 734 2779 Sed
758 2715 939 2777 Kaerchero
962 2715 1065 2794 potius
1089 2714 1248 2774 adsentiar
1271 2717 1302 2772 et

131 2820 241 2882 multis
264 2823 344 2895 aliie,
360 2825 442 2883 inter
458 2842 536 2904 quos
556 2824 790 2885 recentissimus
804 2825 942 2901 Draeger
965 2822 999 2880 in
1018 2819 1173 2882 Historiae
1194 2817 1302 2881 Latini

130 2924 286 2991 Sermonis
299 2925 430 3009 Samari
444 2929 499 3012 (3).
515 2931 596 2991 Nam
611 2930 690 2990 mihi
700 2929 822 2992 facilius
836 2930 960 2991 videtur
975 2945 1014 2989 ex
1027 2926 1302 3007 adpropinquandi

130 3053 226 3097 sensu
251 3053 377 3097 sensum
402 3037 506 3098 standi
530 3038 563 3097 in
586 3036 656 3099 loco
680 3036 731 3097 vel
755 3036 841 3116 apud
864 3036 1013 3113 aliquem,
1042 3034 1132 3112 quasi
1160 3034 1301 3094 detracta

131 3146 238 3204 motus
252 3144 381 3204 notione
404 3147 435 3205 et
449 3144 493 3205 sic
507 3148 542 3205 ut
556 3145 693 3206 accessio
708 3141 870 3205 definitiva
883 3146 1020 3216 notetur,
1038 3141 1174 3202 derivari
1197 3155 1299 3219 posse,

130 3267 230 3330 quam
245 3252 272 3310 si
283 3267 322 3311 ex
331 3251 533 3331 proximitate
543 3251 657 3312 initiali
666 3251 707 3312 ad
717 3251 864 3312 movendi
876 3251 1038 3312 notionem
1047 3249 1197 3311 accedere
1210 3246 1298 3309 velis.

173 3358 263 3420 Hunc
277 3376 353 3439 ergo
368 3359 511 3421 ordinem
525 3359 567 3420 ad
586 3358 814 3437 disponendam
836 3358 1095 3437 disceptationem
1118 3372 1299 3435 sequamur,

130 3470 167 3552 ut
187 3466 343 3544 prodeant
364 3466 502 3545 primum
525 3465 671 3545 exempla
695 3482 777 3544 quae
800 3466 841 3525 ad
865 3468 987 3525 motum
1012 3467 1042 3524 et
1064 3463 1302 3525 translationem

129 3571 243 3634 referri
258 3572 400 3652 quolibet
415 3573 509 3634 modo
522 3573 700 3647 videantur,
718 3573 783 3633 sive
798 3572 830 3632 id
846 3571 901 3632 fiat
914 3575 1001 3633 recta
1015 3571 1138 3633 ratione
1153 3570 1301 3632 movendi

164 3819 197 3885 (1)
211 3819 342 3871 Prisciani
355 3821 430 3879 imi,
443 3819 487 3870 lib.
499 3819 563 3881 xiv,
579 3820 610 3879 11.
626 3825 645 3870 ῖ.
660 3818 703 3880 ΠΙ,
716 3832 742 3882 p.
757 3819 797 3879 37,
812 3819 836 3869 ’1.
851 3845 881 3855 -
900 3819 1080 3880 Grammatici,
1100 3831 1161 3869 cum
1179 3818 1302 3883 loquendi

129 3906 297 3960 confusiones
310 3910 389 3959 vitari
402 3909 506 3970 vellent,
519 3910 633 3960 alterum
645 3909 724 3959 etiarn
736 3908 869 3974 interdum
881 3921 987 3958 sensum
1003 3908 1190 3973 praepositioni
1207 3907 1245 3959 ad
1259 3910 1304 3960 do·

128 4004 302 4063 negaverunt.
322 4000 362 4049 lta
381 4000 520 4050 Donatus:
544 4018 556 4044 «
570 4000 607 4048 Ex
620 3999 661 4048 his
681 3997 719 4049 ad
735 4004 760 4049 et
772 3996 842 4062 apud
857 4011 916 4048 cum
935 3998 1013 4048 unius
1027 4011 1104 4049 casus
1123 3999 1184 4061 sint,
1199 3999 1303 4050 divorso

128 4088 210 4138 modo
233 4093 375 4150 ponuntur.
399 4087 515 4138 Dicimus
530 4088 599 4138 enirn
620 4107 632 4132 «
649 4088 684 4138 ad
697 4088 813 4138 amioum
826 4088 895 4138 rado
910 4106 933 4148 u,
957 4107 969 4133 «
985 4088 1053 4151 apud
1069 4088 1185 4138 amioum
1204 4102 1263 4139 sum
1278 4110 1302 4140 a.

127 4180 198 4228 Nam
211 4189 296 4240 neque
318 4196 330 4221 «
343 4178 414 4242 apud
435 4178 551 4227 amicum
568 4178 638 4228 rado
653 4197 665 4222 u
684 4183 755 4228 recte
769 4177 872 4236 dicitur,
890 4189 975 4241 nequo
992 4196 1003 4222 «
1021 4178 1056 4228 ad
1074 4177 1189 4228 amicum
1208 4192 1267 4229 sum
1279 4198 1301 4230 a.

127 4266 243 4330 (Donati
257 4266 307 4316 Ars
324 4266 515 4325 Grammatico,
529 4266 573 4317 lib.
586 4267 617 4328 ΙΙ,
633 4267 664 4318 Κ.
677 4271 696 4316 t.
709 4267 751 4328 IV,
762 4279 789 4330 p.
802 4267 855 4329 390,
868 4265 917 4330 13.)
1272 4263 1274 4266 ’

160 4355 196 4421 (2)
207 4355 286 4418 Tul,
300 4362 319 4407 t.
335 4358 355 4419 l,
369 4372 395 4423 p.
409 4357 447 4418 17,
463 4357 513 4408 col.
526 4358 548 4409 3.

158 4434 194 4501 (3)
209 4434 246 4487 01.
263 4436 388 4503 Draeger‚
399 4438 465 4490 Hirt.
478 4437 565 4504 Syna,
580 4445 600 4493 t.
612 4440 632 4491 1.
644 4454 671 4505 p.
683 4442 742 4505 5711)
755 4441 873 4505 Kihuer,
889 4440 1015 4501 Gramm,
1030 4446 1051 4493 t.
1061 4440 1094 4505 11,
1105 4444 1119 4503 5
1132 4442 1172 4505 et,
1186 4443 1211 4493 2.
