3084 5067
655 355 816 416 ..33-

146 513 294 577 basilicas
319 515 359 577 ab
383 514 540 578 antedicto
563 516 725 579 sacerdote
749 519 913 595 susceptus
932 519 989 577 est.
1008 516 1316 594 erogassent,

147 622 196 682 16.
212 655 252 670 -
266 620 424 701 Susceptis
438 622 529 684 nobis
544 621 584 685 61
597 624 729 685 domum
745 641 847 686 suam.
858 622 904 685 ld.
916 623 982 684 Vll.
996 625 1026 697 3,
1039 623 1088 683 51.
1104 623 1194 683 -ln
1209 640 1318 685 amore

147 730 211 791 Deo
230 734 262 790 et
279 734 388 791 sancto
407 730 500 791 Petro
518 729 624 810 ipsum
645 730 685 792 61
708 730 856 810 ospitium
880 729 1050 810 recipiatis.
1067 732 1172 792 Form.
1194 728 1250 791 SB.
1267 731 1317 803 16,

145 837 264 915 6131,
280 837 330 898 10.
346 870 387 883 -
403 834 450 898 11
470 837 594 917 prelato
614 839 794 901 oraturio...
815 836 986 900 conlocari.
1003 839 1108 900 Form.
1127 838 1222 900 Marc.
1239 838 1270 911 1,
1287 839 1317 914 1,

146 960 178 1021 p.
196 943 246 1016 71,
266 943 316 1004 11.
343 944 444 1005 Etiam
471 961 543 1005 oum
566 944 693 1005 nomine
716 962 872 1024 personae
899 964 907 1007 :
932 943 980 1006 Ad
1000 943 1174 1025 principem
1201 943 1252 1006 vel
1280 942 1320 1006 61

146 1048 338 1130 potentiores
361 1050 519 1125 homines,
535 1050 585 1113 vel
610 1051 662 1113 ubi
687 1057 717 1113 61
741 1051 796 1113 ubi
821 1051 1001 1125 ambularit,
1016 1051 1067 1114 vel
1088 1051 1148 1112 sibi
1168 1055 1320 1131 patronos

146 1157 278 1236 elegerit
301 1174 366 1219 non
389 1156 569 1238 recipiatur.
590 1158 676 1221 GAG.
697 1176 786 1222 cone.
807 1157 983 1221 Parisiense
1005 1160 1035 1234 5,
1056 1177 1085 1221 6.
1109 1159 1179 1233 615,
1201 1176 1270 1221 can.
1286 1160 1317 1234 3,

145 1280 178 1342 p.
194 1263 265 1323 171.
827 1335 830 1342 ,

187 1369 286 1432 Sensu
301 1369 395 1434 etiam
409 1370 554 1450 proximo
572 1370 765 1451 frequentius
788 1373 872 1454 apud
896 1370 1123 1453 blerovingieos
1147 1372 1318 1452 scriptores

145 1477 276 1540 inservit
293 1477 485 1558 praepositio
498 1476 540 1541 61
553 1497 612 1559 pro
627 1478 733 1542 dativo
743 1477 795 1541 vel
804 1479 960 1560 particula
975 1481 1009 1542 in
1024 1477 1237 1557 designationi
1246 1495 1318 1540 suc-

147 1585 296 1647 cessionis
309 1584 342 1646 in
357 1602 475 1648 novum
486 1589 602 1647 statum
612 1585 664 1649 vel
675 1585 854 1666 aliquorum
864 1585 1077 1650 coniunctioni
1085 1585 1186 1649 166166
1198 1585 1239 1647 ob
1250 1603 1319 1648 rem

147 1691 318 1772 quandam.
331 1693 504 1771 Hecaerge
519 1697 554 1754 ut
566 1711 660 1755 usum
673 1691 808 1755 latinum
823 1694 1007 1757 excedentis
1022 1698 1054 1756 et
1068 1698 1235 1775 syntaxeos
1250 1709 1320 1773 per·

147 1798 360 1861 turbationem
375 1800 560 1862 denotantia
574 1798 665 1862 citari
680 1800 770 1862 decet
789 1818 796 1862 :
813 1799 934 1863 Bricius
952 1800 992 1863 61
1013 1799 1229 1882 episcopatum
1249 1817 1319 1862 suc·

145 1905 239 1968 cedit.
251 1904 345 1985 Greg.
360 1905 434 1966 Tur.
448 1906 510 1967 HF.
523 1906 553 1980 1,
566 1907 595 1967 1.
604 1905 874 1968 -Gonsecremus
886 1912 918 1969 16
928 1907 968 1970 61
983 1905 1317 1987 episcopatum.ld.ib.

145 2011 414 2087 l,6.-Ordinari
427 2011 467 2074 61
481 2012 676 2076 diaconatus.
687 2012 772 2075 GAG.
786 2014 1106 2091 666616616166661,
1120 2013 1233 2088 6151,
1246 2030 1316 2075 666.

147 2119 176 2192 1,
187 2137 219 2198 p.
232 2117 482 2180 103.—Assumi
497 2119 635 2199 aliquem
644 2118 685 2181 61
696 2121 918 2182 sacerdotium.
929 2121 976 2183 lb.
987 2120 1095 2202 Suppl.
1106 2138 1175 2183 can.
1188 2122 1258 2200 1,6.
1267 2119 1317 2179 17.

145 2225 344 2306 -116616161
365 2244 436 2287 eam
460 2227 574 2288 iterum
598 2226 637 2288 61
660 2227 851 2305 coniugium.
874 2228 920 2288 lb.
942 2245 1032 2290 6666.
1058 2225 1317 2306 Compendisnse,

146 2349 176 2392 6.
190 2331 258 2404 757,
271 2348 339 2392 666.
351 2333 380 2406 3,
395 2333 489 2411 611.
502 2333 629 2392 —Eam
642 2330 681 2393 61
695 2331 876 2411 coniugium
891 2350 983 2394 suum
998 2331 1166 2413 copulavit.
1180 2331 1267 2392 GRIl.
1288 2331 1317 2407 7,

146 2455 178 2516 p.
191 2438 260 2513 516,
275 2438 308 2498 Β.
321 2468 363 2483 -
375 2435 422 2498 11
437 2437 596 2516 coiugium
610 2456 643 2498 se
658 2439 916 2500 coniuncxerunt.
934 2440 1040 2501 Form.
1057 2438 1137 2501 161.
1154 2438 1205 2510 15,
1218 2455 1249 2516 p.
1267 2438 1317 2511 10,

146 2545 176 2604 9.
188 2576 229 2590 -
238 2544 366 2606 Femina
381 2543 512 2606 sociavit
526 2544 585 2605 sibi
597 2544 637 2606 61
647 2544 840 2623 coniugium.
849 2547 954 2607 Form.
964 2544 1018 2606 SB.
1029 2546 1078 2618 11,
1091 2564 1123 2625 p.
1135 2545 1206 2620 131,
1219 2545 1267 2604 11.
1280 2576 1320 2589 -

146 2652 288 2714 Puellam
302 2653 472 2730 ingenuam
485 2651 525 2713 61
545 2649 727 2731 coniugium
747 2653 866 2713 sociare
886 2651 1046 2713 voluisset.
1064 2655 1170 2714 Form.
1188 2649 1247 2711 SM.
1264 2651 1314 2724 31,

146 2777 178 2839 p.
196 2760 367 2834 15111-
389 2757 437 2823 11
460 2758 641 2837 coniugium
665 2763 695 2819 te
719 2757 860 2820 sociares
883 2759 1028 2839 dispono.
1055 2760 1158 2820 Form.
1183 2757 1242 2818 Bit.
1267 2756 1317 2828 15,

146 2885 179 2946 p.
196 2867 264 2941 175,
281 2867 311 2928 5.

188 2971 217 3048 6)
232 2971 280 3033 Fit
293 2989 418 3051 quoque
440 2968 611 3034 adtributio
634 2990 692 3053 per
715 2973 981 3052 praepositionem
1005 2989 1065 3051 pro
1090 2970 1197 3032 dativo
1220 2968 1320 3031 latino

146 3078 333 3160 plerumque
352 3078 526 3140 adhibitam
547 3084 617 3158 post
634 3080 733 3141 verba
751 3097 831 3157 quae
850 3076 1061 3158 praesentiam
1080 3082 1203 3139 tantum
1218 3075 1320 3139 decla·

146 3191 220 3248 rant
233 3184 285 3248 vix
300 3189 410 3265 aperta
423 3185 570 3248 movendi
583 3187 720 3259 notione,
736 3185 822 3248 velut
835 3204 907 3267 esse,
925 3186 1038 3266 edesse,
1054 3185 1198 3247 interesse
1213 3204 1223 3247 .·
1239 3183 1322 3246 Dixit

147 3293 301 3355 Diodorus
324 3293 486 3372 haruspex
506 3292 666 3355 advitam
688 3311 752 3355 non
776 3293 847 3373 plus
873 3312 929 3355 sex
954 3310 1117 3374 superesse
1141 3293 1219 3356 dies.
1245 3292 1317 3353 166.

147 3402 249 3480 epigr.
264 3401 315 3476 69,
332 3402 361 3461 1.
376 3431 418 3447 -
434 3397 481 3461 11
500 3399 665 3461 ecclesiam
688 3402 833 3462 assiduus
847 3405 926 3462 6616.
943 3402 1035 3481 Greg.
1054 3402 1128 3461 Tur.
1144 3400 1207 3460 HF.
1221 3401 1252 3475 6,
1269 3399 1319 3459 15.

145 3541 189 3556 -
202 3507 272 3569 Fuit
294 3512 400 3569 autem
423 3504 463 3567 61
487 3506 570 3568 hanc
597 3506 839 3569 ordinationem.
857 3508 902 3569 ld.
921 3507 963 3569 ib.
981 3508 1010 3583 7,
1027 3508 1077 3569 31.
1093 3540 1133 3553 -
1144 3503 1321 3568 Sacerdotis

147 3615 290 3676 animum
303 3613 357 3694 qui
372 3613 413 3675 61
425 3613 504 3676 haec
518 3611 691 3686 insistebat,
709 3614 801 3676 dolor
813 3617 971 3676 maximus
991 3612 1106 3692 attigit.
1122 3613 1169 3673 ld.
1186 3613 1250 3674 Gli.
1268 3611 1318 3670 11.

147 3754 190 3765 -
208 3719 258 3782 11
279 3718 508 3782 dedicationem
532 3723 684 3782 interesse
708 3721 891 3801 dignemini.
916 3720 1021 3783 Desid.
1038 3738 1090 3803 ep.
1106 3720 1136 3791 1,
1152 3705 1205 3780 ll.
1221 3752 1261 3763 -
1274 3716 1321 3780 11

146 3826 305 3907 placetum
329 3844 422 3888 suum
445 3825 557 3888 adfuit.
583 3828 785 3888 16666161.
803 3829 853 3905 13,
873 3847 904 3908 p.
925 3830 955 3901 9,
978 3829 1026 3889 11.
1048 3861 1090 3873 -
1112 3825 1160 3888 11
1182 3831 1321 3887 vestram

146 3934 309 3996 excelente
333 3939 497 3995 terraenae
521 3933 673 3995 culmenis
698 3934 870 4013 gloriam...
888 3937 1000 3997 adesse
1019 3953 1083 3995 non
1097 3934 1196 4013 potui.
1213 3934 1320 3994 Form.

145 4039 208 4102 Bit.
226 4042 274 4115 10,
292 4059 323 4120 6.
341 4039 660 4115 173,1.Ν66661666
685 4045 842 4103 structura
861 4041 996 4121 simplex
1014 4040 1148 4103 verbum
1162 4046 1240 4101 estre
1255 4040 1321 4098 sine

146 4145 302 4226 exemplis
315 4147 348 4207 in
361 4150 471 4209 nostro
486 4163 631 4209 sermone
648 4166 655 4208 :
672 4147 719 4208 N'i
734 4148 775 4208 ad
789 4147 848 4210 icel
863 4148 896 4209 ki
915 4166 954 4210 ne
974 4146 1111 4208 demeint
1134 4147 1241 4206 irenae
1261 4161 1322 4224 que

145 4253 172 4315 il
185 4272 225 4315 ne
239 4258 312 4315 sunt
326 4272 345 4315 6
360 4251 485 4314 ltollant
498 4252 527 4313 le
542 4252 675 4314 6616616.
693 4254 761 4315 Rol.
776 4255 864 4316 1815.
877 4252 951 4315 -1
965 4254 998 4316 16
1011 4254 1054 4315 fin
1068 4253 1107 4314 de
1122 4271 1157 4313 sa
1172 4250 1220 4312 vie
1234 4268 1274 4312 ne
1289 4251 1323 4311 lu

141 4361 179 4441 je
193 4363 267 4422 mie.
283 4359 388 4422 Joinv.
404 4360 434 4418 1.

190 4467 284 4532 116116
300 4467 364 4527 iam
378 4465 589 4544 deputationis
616 4472 663 4528 661
684 4467 834 4548 apertior,
850 4468 877 4530 si
891 4468 930 4529 ad
946 4466 1043 4530 verba
1057 4470 1179 4547 spectes
1207 4472 1319 4543 tenere,

1230 4572 1245 4620 a
