3084 5067
659 343 818 403 ..73-

153 506 277 568 lationis
292 505 469 579 relationes,
493 504 553 566 nisi
577 503 664 566 illam
689 521 770 585 quae
793 503 828 564 iit
849 521 905 583 per
928 501 1251 565 accommodationem
1276 503 1317 565 ad

152 618 262 674 nutum
276 612 432 691 quendam
446 599 624 674 voluntatis.
642 612 698 673 Hic
713 611 797 672 enim
812 629 923 673 sensus
944 609 1194 689 frequentissime
1214 610 1317 672 decla-

152 725 240 780 ratur
255 737 263 779 :
279 719 359 794 Sira,
370 737 389 780 a
401 723 504 780 vostre
520 723 657 780 eumont.
676 717 744 779 Rol.
761 719 875 780 illd-
891 719 926 778 Li
940 736 1101 796 emperere
1113 719 1153 778 ad
1165 721 1214 777 tut
1224 736 1244 777 u
1258 735 1317 777 sun

150 826 257 888 taient.
273 825 404 888 111100.
420 856 461 872 -
474 826 562 887 Faire
578 842 616 885 en
637 829 712 903 poda
728 825 779 885 del
795 829 896 887 touta
919 844 958 887 vo
975 825 1083 888 talent.
1110 824 1206 898 Amis,
1224 824 1314 885 3001.

151 931 221 993 -Α
235 933 304 993 leur
316 931 418 994 voloir
432 937 540 993 curent
553 949 656 993 armes
670 936 699 992 et
714 931 806 993 seles.
823 932 974 1008 elisaeus,
988 936 1055 994 777.
1072 966 1111 976 -
1126 934 1234 1003 Deme,
1246 949 1266 992 u
1276 948 1315 991 vo

151 1037 287 1100 volente.
303 1038 393 1099 Huon
408 1039 446 1099 de
460 1038 495 1100 Β.
512 1039 601 1100 5871.
629 1073 668 1082 -
692 1038 765 1099 Puis
780 1057 799 1098 a
813 1039 903 1100 Huon
923 1045 1063 1118 pourve'u
1077 1056 1096 1099 α
1111 1057 1170 1100 son
1184 1042 1250 1117 gre.
1271 1037 1314 1099 lb.

151 1147 241 1208 5911.
258 1182 297 1191 -
309 1147 387 1208 Ν111
401 1147 485 1208 riens
499 1148 577 1208 n’est
590 1151 658 1207 tant
671 1165 691 1209 u
706 1166 780 1209 mon
796 1146 891 1208 desir.
914 1147 1018 1222 Gouci,
1036 1148 1085 1207 10.
1096 1182 1134 1191 -
1148 1146 1174 1207 ll
1187 1165 1237 1207 mc
1253 1164 1316 1207 ser-

151 1254 244 1316 vista
261 1260 327 1333 gre.
346 1256 403 1316 Th.
420 1255 450 1316 11
465 1259 557 1315 mart.
576 1255 625 1315 51.
649 1289 688 1299 -
707 1256 750 1315 Ne
766 1257 856 1316 sares
871 1253 919 1315 s'il
934 1258 982 1315 est
995 1273 1015 1315 a
1027 1273 1101 1316 mon
1111 1254 1193 1315 vucl.
1211 1254 1316 1317 Houcc

134 1363 263 1451 partie,
279 1363 348 1425 287.
374 1396 414 1406 -
436 1363 483 1422 Au
502 1380 559 1442 roy
581 1361 731 1439 enseigna
754 1380 793 1422 en
821 1380 879 1423 son
903 1378 1030 1423 sermon
1059 1359 1261 1424 commenti]
1284 1377 1317 1420 sc

150 1470 256 1531 devoit
271 1469 439 1530 maintenir
450 1486 490 1530 ou
503 1467 571 1547 grei
581 1469 620 1529 de
634 1487 692 1530 son
706 1468 830 1549 peuple.
846 1470 948 1530 Joinr.
966 1469 1036 1528 059.

188 1577 294 1656 Neque
310 1576 439 1637 dubium
454 1580 502 1637 est
520 1576 594 1654 quin
616 1574 666 1636 1111
690 1575 835 1638 omnibus
862 1574 987 1636 dicendi
1009 1574 1153 1637 formulis
1167 1574 1313 1653 genuina,

147 1702 169 1743 a
182 1702 245 1762 qua
259 1682 390 1761 proiecti
411 1701 528 1757 sumus,
554 1683 700 1743 movendi
721 1681 807 1744 notio
832 1700 930 1762 prope
954 1681 1132 1761 disperiisse
1146 1682 1313 1743 videatur:

146 1807 222 1850 nam
236 1789 288 1851 hic
296 1787 486 1869 praepositio
498 1790 601 1849 minus
611 1790 676 1849 iam
687 1787 827 1850 declarat
836 1794 956 1851 motum
965 1807 1027 1868 quo
1038 1787 1169 1850 alicuius
1178 1788 1315 1868 opinioni

145 1895 198 1957 vel
212 1895 366 1957 voluntati
381 1895 524 1970 accedas,
542 1913 637 1973 quam
651 1895 749 1975 ipsius
770 1900 875 1956 motus
897 1895 1051 1970 effectum,
1077 1896 1314 1975 congruentiam

146 2001 265 2064 scilicet
279 2002 512 2080 quodammodo
526 2020 709 2080 expressam
722 2005 804 2063 inter
818 2004 897 2064 duas
911 2020 973 2063 res.
997 2003 1099 2075 Quare
1114 2002 1262 2075 arbitror,
1279 2008 1314 2064 ut

145 2109 232 2170 infra
251 2127 422 2184 resumam,
452 2111 510 2171 has
535 2108 762 2171 conformitatis
785 2108 955 2171 relationes
977 2129 1040 2171 non
1067 2112 1132 2170 sine
1156 2116 1314 2172 momento

145 2214 244 2276 luisse
266 2215 305 2276 ad
327 2217 425 2295 ipsius
447 2215 532 2277 modi
553 2215 808 2278 declarationem.
828 2217 902 2277 lnde
923 2217 1019 2277 etiam
1044 2216 1195 2295 probatur
1218 2235 1313 2298 quam

143 2323 239 2382 arctis
253 2323 334 2383 inter
355 2340 388 2382 11
413 2323 602 2384 cohaereant
625 2322 757 2384 vinculis
773 2341 897 2402 semper
912 2324 991 2384 varii
1017 2323 1258 2402 praepositionis
1273 2324 1313 2386 ud

145 2446 233 2503 usus,
250 2428 300 2489 vel
315 2433 447 2508 quantus
460 2430 563 2508 potius
578 2428 610 2489 in
624 2429 684 2491 hac
694 2434 862 2510 syntaxeos
876 2428 990 2490 latinae
1006 2429 1209 2491 dissolutione
1223 2430 1314 2492 labor

144 2535 360 2597 intercesserit
373 2534 490 2614 impetu
505 2536 641 2614 quodam
656 2540 796 2611 naturae,
814 2540 848 2597 ut
870 2554 982 2597 sensus
1005 2554 1103 2616 prope
1124 2536 1313 2615 disperditos

145 2641 188 2701 ad
221 2641 436 2721 praevalentes
470 2641 616 2722 loquendi
642 2642 909 2705 conformationes
944 2642 1124 2723 religarent,
1159 2648 1193 2703 ut
1223 2646 1313 2722 quasi

145 2749 335 2809 resarcirent
355 2750 463 2809 ruinas
484 2752 515 2810 11
528 2749 690 2828 pensando
705 2749 822 2810 damna
837 2752 1122 2829 temperamentum
1137 2767 1255 2811 norum
1273 2768 1312 2810 ex

146 2871 250 2933 aequo
262 2854 423 2917 librarent.
1300 2848 1304 2855 ’
