3084 5067
154 495 242 557 mina
257 512 267 574 ς
282 492 399 573 Siquis
417 491 592 572 grafionem
607 490 726 572 aliquid
739 491 863 571 rogavit
874 490 987 553 iniuste
1001 488 1042 551 ad
1061 504 1113 550 res
1125 487 1245 550 alienas
1266 485 1322 549 tol·

153 602 228 664 lero.
246 600 380 676 18113,
400 601 483 674 51,1
505 599 557 681 (od
578 617 627 661 ree
644 598 763 662 alienos
782 596 955 676 tollendam,
979 596 1069 658 codd.
1093 596 1196 670 1,10;
1220 593 1260 655 od
1275 611 1324 654 ves

153 708 274 772 alienas
288 707 446 781 tollendas,
464 708 556 768 codd.
573 707 601 782 1,
619 708 649 782 5,
665 707 695 782 6,
704 707 738 782 ’1,
749 708 780 781 8,
797 707 827 782 9,
849 706 913 766 Lex
936 702 1092 783 Emend.).
1116 736 1155 746 -
1171 699 1220 762 Aa
1235 718 1324 762 casas

154 815 331 877 dominicas
340 813 491 887 stabilire,
499 812 603 889 fenile,
616 813 745 893 granica
758 812 807 874 vel
819 812 929 873 turrino
940 810 1155 890 recuperanda
1164 808 1324 887 pedituras

153 920 359 983 rationabiles
381 922 547 1001 accipiant.
571 921 659 982 LBai.
686 921 715 994 1,
739 918 1055 1001 131111111111.
1072 913 1323 992 1;111111111111

154 1046 238 1091 corr.
254 1028 321 1109 Be).

195 1136 284 1209 Quod
300 1137 436 1217 quidem,
453 1135 525 1197 licet
537 1136 661 1215 ingenio
675 1134 765 1197 latini
780 1134 934 1197 sermonis
955 1133 1085 1194 minime
1106 1131 1147 1193 sit
1160 1134 1324 1193 consenta-

152 1261 249 1306 neum
264 1248 294 1305 et
307 1242 412 1305 rarius
426 1245 521 1304 etiam
536 1244 710 1323 detegatur,
727 1261 792 1304 non
807 1241 913 1304 dubito
927 1241 1003 1320 quin
1020 1239 1114 1301 fuerit
1128 1241 1192 1300 iam
1205 1239 1239 1298 in
1252 1236 1323 1299 vul·

152 1349 225 1431 gari
240 1351 350 1412 aetatis
371 1348 603 1428 merovingicae
618 1367 765 1412 sermone
784 1349 1033 1411 usitatissimum.
1055 1346 1177 1408 Similes
1187 1344 1272 1407 enim
1287 1362 1326 1407 ea

151 1457 223 1537 lege
237 1457 322 1537 apud
335 1456 477 1535 linguam
487 1461 629 1519 nostram
644 1458 828 1520 adservatae
839 1460 911 1517 sunt
925 1454 1177 1518 constructiones
1191 1457 1227 1513 ut
1237 1451 1326 1514 finali

152 1563 326 1646 particulae
358 1565 549 1643 adiungatur
581 1564 754 1627 infinitivus
777 1561 955 1626 modusza
980 1562 1106 1623 Bertain
1125 1560 1240 1623 aaisier
1263 1565 1327 1622 met

153 1671 311 1734 ohaacune
330 1670 362 1732 la
385 1670 481 1733 main.
501 1672 769 1747 Β1111,1116.-
783 1672 840 1732 les
865 1671 979 1732 dismas
999 1669 1106 1730 iurent
1128 1666 1275 1730 establies
1296 1671 1327 1728 et

151 1777 269 1840 dondes
282 1778 522 1841 anciennament
534 1796 555 1841 a
568 1779 668 1841 sainte
682 1778 778 1858 eglise
795 1776 961 1839 soustenir.
978 1776 1196 1851 Beaumanoir‚
1210 1775 1259 1850 11,
1272 1775 1322 1835 39.

152 1917 192 1930 -
213 1884 301 1946 Amis
319 1884 388 1947 leur
410 1889 482 1947 sont
504 1884 695 1947 necessaires
713 1885 831 1947 aleurs
850 1884 972 1945 bonnas
995 1884 1114 1945 actions
1136 1879 1322 1960 accomplir.

153 1991 294 2066 Oresme,
311 1993 382 2054 Eth.
398 1992 467 2053 119.
481 1993 575 2071 Ergo,
585 1991 729 2073 quotiens
739 1993 771 2053 in
786 2010 883 2071 supra
893 1991 942 2052 vel
952 1989 1034 2052 infra
1048 1988 1150 2052 allatis
1162 1988 1324 2050 locisauc·

152 2104 238 2161 tores
265 2098 491 2178 praepositioni
521 2099 696 2178 adiungunt
718 2100 908 2177 gerundium
934 2102 969 2159 ut
993 2094 1155 2159 latinitatis
1177 2094 1325 2155 umbram

151 2203 264 2268 saltem
283 2206 417 2267 retinere
431 2206 607 2278 videantur,
637 2205 840 2285 subintellege
864 2204 976 2267 iisdem
990 2204 1175 2285 plerumque
1203 2202 1281 2265 locis
1304 2220 1324 2262 a

151 2311 242 2393 plebe
258 2313 321 2374 iam
334 2312 524 2375 infinitivum
538 2330 595 2392 pro
610 2312 764 2391 gerundio
779 2313 934 2375 adhiberi.

192 2419 261 2492 Quo
274 2421 389 2500 posito,
404 2420 488 2481 ultra
502 2437 633 2500 pergere
647 2421 751 2483 datur.

192 2528 311 2606 Nempe
330 2545 369 2588 ex
387 2545 445 2589 usu
465 2526 636 2606 particulae
660 2526 700 2588 od
723 2527 828 2589 finalis
851 2529 1036 2607 insequente
1052 2527 1206 2607 gerundio
1230 2530 1319 2588 ortae

150 2638 224 2696 sunt
238 2634 318 2695 duae
333 2638 508 2695 structurae
523 2651 604 2712 quae
618 2636 750 2696 maximi
764 2634 892 2696 luerunt
905 2635 1055 2714 ponderis
1068 2633 1108 2696 od
1122 2651 1240 2696 novam
1260 2634 1322 2694 lin·

154 2758 238 2820 guae
261 2740 392 2819 gallicae
418 2742 564 2820 syntaxin
586 2741 808 2802 ordinandam.
829 2741 969 2813 Quarum
990 2743 1047 2803 etsi
1065 2742 1255 2802 lineamenta
1273 2739 1325 2801 vel

150 2848 238 2928 apud
253 2850 412 2909 Romanos
426 2848 596 2927 scriptores
611 2845 757 2927 detegere
771 2849 884 2928 possis,
905 2849 1004 2910 multo
1019 2866 1095 2909 sane
1110 2848 1188 2909 fient
1209 2848 1322 2910 olario-

149 2972 212 3029 res,
228 2957 351 3017 sirecte
366 2956 597 3035 merovingicae
608 2953 772 3017 latinitatis
787 2956 934 3034 exempla
948 2957 1243 3035 interposuerimus.

190 3059 223 3141 b)
242 3061 514 3124 Constructionum
528 3060 616 3141 prior
637 3060 775 3125 occurrit
788 3063 958 3142 praecipua
987 3078 1059 3123 cum
1074 3061 1179 3123 verbis
1197 3060 1319 3141 babere,

150 3167 301 3248 accipere,
316 3166 401 3247 dure,
424 3166 556 3241 tradere,
583 3168 721 3250 linquere
740 3170 864 3249 aliaque
889 3169 1030 3230 eiusdem
1051 3165 1148 3230 modi.
1171 3169 1324 3231 Postilla

151 3274 238 3338 anim
268 3275 371 3337 Latini
396 3276 423 3336 si
457 3274 587 3338 finalem
621 3278 842 3339 necessitatem
872 3279 996 3356 signare
1032 3277 1092 3339 sibi
1125 3278 1324 3358 propositum

150 3379 301 3457 habeant,
316 3381 512 3443 substantivo
534 3383 718 3463 praedicato
732 3387 856 3445 tantum
870 3385 1005 3463 iungunt
1028 3384 1239 3464 gerundivum
1263 3383 1319 3465 (1),

150 3489 233 3552 utin
247 3488 298 3549 hia
312 3505 320 3548 :
336 3488 454 3549 Aedem
469 3488 604 3551 Castoris
618 3490 732 3552 habuit
745 3491 909 3559 tuendam.
934 3492 997 3553 (lic.
1013 3493 1047 3552 in
1069 3492 1158 3554 Verr.
1177 3492 1207 3567 1,
1225 3493 1255 3568 1,
1270 3493 1321 3552 50.

149 3594 346 3656 -Patriam
364 3594 415 3655 vel
432 3593 641 3675 diripiendam
656 3595 707 3658 vel
720 3596 983 3660 inflammandam
997 3596 1194 3676 reliquimus.
1218 3597 1264 3658 ld.
1281 3597 1323 3658 ad

149 3699 227 3763 iam.
245 3701 295 3773 16,
311 3700 361 3773 11,
378 3702 407 3761 1.
435 3735 474 3747 -
498 3701 629 3764 Obsides
643 3703 758 3765 Aeduis
784 3703 1003 3765 custodiendos
1029 3704 1136 3766 tradit.
1155 3703 1242 3764 Gaea.
1259 3702 1319 3765 BG.

149 3808 180 3883 a,
191 3809 223 3867 1.
235 3808 457 3887 -Antigonus
469 3808 642 3871 Eumenem
655 3813 817 3871 mortuum
828 3811 1013 3890 propinquis
1024 3810 1090 3872 eius
1106 3809 1322 3889 sepeliendum

177 4101 263 4167 (ilci.
284 4108 373 4154 autem
394 4102 550 4154 infinitivum
564 4105 644 4155 verbo
661 4105 816 4156 adiunctum
832 4106 939 4158 exclusa
957 4107 1158 4171 praepositione,
1173 4111 1203 4156 ut
1225 4104 1253 4156 in
1270 4106 1322 4157 hoe

146 4191 320 4244 Terentiana:
333 4193 399 4243 lassi
407 4193 431 4244 ei
441 4193 500 4243 dari
515 4193 612 4246 bibere.
624 4195 681 4245 Ter.
695 4195 776 4245 Andr.
789 4196 844 4245 181.
854 4196 928 4260 Apud
939 4195 1127 4261 Merovingicos
1139 4211 1145 4245 :
1158 4195 1232 4246 Dedit
1247 4196 1322 4246 asino

146 4280 186 4335 illi
197 4280 297 4334 bibere.
308 4282 385 4347 Grag.
398 4283 459 4332 Tur.
473 4283 530 4334 VM.
542 4283 566 4345 1,
578 4284 616 4333 31.
627 4311 658 4320 -
666 4284 693 4335 si
702 4284 760 4347 quia
775 4285 852 4336 alteri
865 4285 962 4335 herbas
974 4285 1073 4335 dederit
1079 4285 1169 4335 bibere
1181 4291 1212 4335 ut
1225 4286 1322 4336 moria·

146 4375 202 4421 tur.
213 4369 288 4422 usal.
306 4371 328 4432 1,
343 4371 381 4432 la,
400 4372 421 4433 1,
435 4378 484 4423 etc.
497 4372 535 4423 De
549 4384 600 4436 quo
615 4372 648 4425 cf.
661 4373 771 4437 insuper.
781 4374 849 4436 Dias,
865 4374 992 4435 Gramm„
1010 4388 1036 4439 p.
1053 4374 1112 4437 9363
1127 4375 1195 4438 Ροιῑ,
1210 4373 1324 4428 Plattla·

150 4459 226 4519 tein„
242 4472 268 4523 p.
285 4459 340 4511 323.

1526 4287 1531 4300 ι’

1527 4303 1531 4312 ι

1522 4465 1531 4516 ἴ,

1523 4647 1530 4667 ἵ
