3084 5067
635 351 794 414 ..pp-

123 511 242 575 halttrs
256 505 402 593 poenitus
415 527 479 575 nou
494 514 639 575 debeant.
652 516 762 576 llorm.
780 516 873 576 Mare.
890 514 919 589 1,
935 515 986 586 87,
1002 529 1034 595 p.
1051 516 1103 595 68,
1118 518 1150 589 7,
1167 506 1295 580 sslsibet

120 617 225 682 tuden
239 622 285 682 A!
298 622 420 683 variam
434 617 599 684 lectionem
616 639 623 683 :
639 621 680 684 01
693 617 827 685 heredes
850 621 952 694 Quare
978 621 1130 702 suspicari
1153 615 1227 686 litet
1253 623 1294 686 sd

122 727 173 789 vel
186 745 205 789 a
219 746 381 807 nunquam
398 745 455 808 per
468 745 501 790 ss
524 728 693 791 accessisse
722 729 908 792 indicandae
935 725 1145 792 coniunctioni
1158 742 1241 810 quas
1255 727 1292 791 flt

121 835 204 895 ister
217 849 377 914 personas,
393 839 426 896 et
434 834 579 915 quotiens
595 838 659 899 sire
676 853 732 915 per
746 836 795 908 od,
812 853 839 909 o,
857 834 922 898 sive
936 838 1027 916 perd
1046 837 1213 899 denotetur
1240 838 1291 900 hic

119 957 241 1016 ansus,
256 941 290 1002 id
303 942 507 1003 tribuendum
521 957 590 1003 esse
604 941 672 1004 ium
686 943 915 1022 praepositioni
929 943 1020 1023 apud.

157 1049 185 1128 c)
200 1047 279 1111 Huic
294 1048 392 1112 immo
406 1045 578 1111 comitandi
591 1051 710 1112 notioni
723 1051 870 1129 proxima
896 1049 1020 1111 ridetur
1040 1049 1289 1132 circumscriptio

116 1157 203 1218 modi
218 1158 374 1236 quaedam
388 1155 505 1219 rustica
526 1163 556 1219 et
584 1157 757 1220 admodum
784 1155 881 1232 rudis,
916 1158 1004 1220 cuius
1019 1158 1214 1220 subobscura
1241 1163 1289 1220 est

114 1263 204 1342 origo
220 1279 293 1325 cum
306 1263 498 1327 lineamenta
510 1269 635 1326 tantum
653 1264 801 1344 detegere
815 1267 919 1346 possis
944 1267 976 1326 in
1001 1266 1113 1328 aetatis
1129 1267 1287 1328 merovin-

112 1368 203 1447 gicae
214 1368 377 1448 latinitste,
393 1372 449 1433 sed
463 1389 545 1452 quae
558 1372 620 1434 late
634 1377 740 1434 tamen
753 1377 866 1452 postea
879 1372 1054 1452 praevaluit
1075 1372 1108 1434 in
1123 1369 1286 1436 romanica

51 1496 56 1504 ·
111 1475 220 1555 lingua
236 1495 244 1539 :
261 1478 582 1560 circumscriptionem
598 1479 668 1543 dico
682 1481 727 1542 ita
740 1482 961 1542 concinnatam
984 1485 1018 1541 ut
1031 1477 1184 1561 quiidquid
1202 1482 1235 1541 ln
1249 1497 1285 1541 rs

111 1583 162 1645 vsl
175 1586 207 1644 in
220 1602 355 1664 persona
368 1588 573 1666 praecipuum
588 1585 692 1660 enitet,
710 1586 784 1649 huie
798 1588 844 1648 rei
871 1589 925 1649 aut
943 1601 1099 1666 personae
1120 1604 1177 1667 psr
1191 1585 1287 1666 parti·

105 1690 217 1752 culam
232 1691 483 1753 intercidentem
511 1692 710 1773 adiungatur.
728 1693 820 1772 Apud
841 1692 969 1754 intimae
985 1690 1160 1755 latinitatis
1173 1707 1286 1755 monu-

111 1800 219 1858 menta
233 1798 378 1877 exempla
391 1798 485 1860 liuius
500 1803 676 1861 structurae
689 1803 859 1860 occurrunt
879 1799 1012 1875 rariora,
1026 1800 1060 1860 in
1075 1799 1189 1876 quibus
1203 1797 1286 1861 inter

110 1901 177 1965 duo
187 1902 319 1967 nomina
331 1904 458 1985 ponitur
471 1905 625 1987 particula
639 1905 679 1968 ed
694 1923 702 1967 ε
718 1906 808 1967 Dono
833 1904 978 1985 pradello
993 1922 1057 1967 uno
1079 1905 1120 1968 cd
1135 1908 1284 1969 carradas

110 2010 305 2074 0100001111.
322 2012 395 2073 add.
411 2013 462 2085 it,
479 2030 509 2076 a.
526 2014 594 2087 783,
611 2031 642 2093 p.
659 2014 730 2075 158.
741 2011 822 2072 -Si
837 2014 909 2091 quis
929 2030 1027 2073 unum
1041 2030 1152 2074 vasum
1164 2012 1282 2093 adapis

108 2119 165 2178 aut
178 2116 312 2198 amplius
327 2118 414 2181 foras
430 2123 548 2180 tectum
563 2118 726 2181 iuraverit.
756 2118 889 2193 18018,
905 2120 936 2191 8,
952 2117 1060 2181 &Sed
1087 2118 1160 2181 licet
1176 2136 1281 2181 exem·

105 2222 196 2303 plum
211 2226 367 2305 posterius
378 2224 577 2287 conferamus
586 2244 658 2287 cum
665 2225 762 2289 variis
770 2227 906 2287 aliorum
921 2226 1066 2288 codicum
1073 2224 1278 2288 lectionibus:

106 2331 226 2392 Vasum
241 2330 373 2411 alapis.
392 2332 462 2395 cod.
479 2334 496 2393 7
509 2352 516 2408 ;
533 2353 645 2396 vasum
659 2342 734 2416 aput
746 2334 834 2396 abes.
846 2335 916 2396 cod.
932 2335 968 2407 93
984 2348 1098 2394 vasum
1113 2350 1181 2395 cum
1196 2336 1278 2413 apis.

107 2436 179 2498 cod.
195 2438 229 2513 23
244 2456 301 2499 vas
315 2455 383 2501 cum
397 2439 519 2519 apibus.
531 2439 596 2502 Lex
607 2440 737 2502 Emend.
759 2441 836 2500 lnde
851 2440 934 2500 enim
948 2420 1155 2501 confirmatur
1169 2455 1279 2499 sensus

104 2542 290 2623 pasciculus,
304 2563 384 2624 quse
399 2564 522 2626 reapse,
538 2546 564 2608 si
575 2548 615 2608 ad
628 2546 818 2607 latinitatem
828 2546 992 2620 adtendas,
1008 2547 1134 2625 ponitur
1146 2562 1279 2625 procum

106 2650 192 2729 (cod.
208 2653 228 2711 2
243 2657 273 2712 et
286 2653 348 2713 Lex
362 2653 524 2734 Emend.);
537 2653 609 2714 inde
624 2655 720 2715 etiam
735 2652 940 2715 confirmatur
953 2654 1088 2731 septimo
1101 2652 1151 2713 rel
1165 2657 1277 2714 octavo

105 2758 235 2820 saeculo
265 2760 480 2822 confusionem
496 2780 561 2823 non
575 2761 770 2823 mediocrem
785 2758 998 2839 praevaluisse
1011 2758 1092 2820 inter
1106 2757 1277 2838 particulas

104 2865 145 2928 01
158 2868 171 2948 i
184 2868 332 2949 :opaci
356 2872 387 2929 et
413 2866 465 2943 ed,
495 2870 640 2948 quumvis
667 2868 753 2947 prior
775 2867 816 2927 ud
844 2865 1029 2928 relationem
1046 2865 1277 2927 coniunctionis

103 2975 295 3052 signandam
310 2974 808 3053 multomagisidoneavideutur.
894 2973 896 2978 “

146 3083 191 3142 lix
206 3081 256 3142 his
270 3099 346 3143 vero
362 3080 646 3161 quantulacumque
661 3079 724 3140 sint
738 3078 879 3158 vestigiis
905 3081 1027 3140 coicere
1041 3077 1166 3158 oportet
1189 3095 1277 3139 cons-

101 3187 399 3250 truendirationem
427 3205 507 3267 quae
536 3191 646 3267 postca
659 3187 760 3264 viguit
787 3187 819 3246 in
844 3184 958 3263 gallico
985 3190 1095 3247 nostro
1115 3201 1275 3249 sermone.

101 3294 190 3355 Adde
201 3295 286 3375 quod
300 3296 394 3356 etiarn
409 3299 475 3355 tum
490 3294 642 3374 particula
669 3295 751 3353 inter
764 3294 884 3354 formas
897 3310 927 3367 0,
943 3291 984 3353 ud
1003 3297 1034 3353 et
1052 3291 1276 3365 0101001001

102 3420 140 3464 ac
155 3400 246 3480 quasi
260 3407 433 3464 veteratum
447 3401 664 3464 confusionem
678 3399 807 3460 denotet
823 3417 831 3460 :
848 3399 964 3479 Espees
978 3397 1019 3460 ad
1032 3415 1080 3460 or.
1096 3398 1166 3459 licl.
1183 3399 1274 3462 1788.

100 3539 142 3556 -
156 3506 279 3570 L'escut
291 3508 316 3568 li
329 3508 425 3570 fraint
440 3508 521 3570 k’est
534 3507 574 3570 ud
588 3526 624 3569 or
644 3525 661 3568 e
689 3525 709 3569 e
732 3506 819 3567 flurs.
849 3506 894 3566 lb.
920 3506 1008 3566 1876.
1024 3535 1065 3558 α·
1078 3504 1146 3566 Sele
1165 3505 1198 3565 ki
1225 3510 1274 3566 est

100 3633 245 3694 gemmea
259 3614 300 3678 ed
313 3633 361 3679 or.
377 3616 421 3677 lb.
439 3617 527 3677 1111.
541 3645 581 3666 -·
596 3615 644 3675 Un
660 3632 734 3675 escu
761 3633 781 3675 a
802 3613 889 3694 lyon.
904 3611 1002 3685 amis,
1018 3612 1108 3674 1658.
1122 3643 1165 3660 -··
1177 3611 1274 3673 Belis-

100 3728 174 3784 sant
188 3740 229 3784 eu
240 3721 289 3784 vis
304 3722 378 3786 cler.
394 3723 542 3787 1118888.
558 3722 620 3785 Sed
635 3726 825 3784 concurrunt
839 3721 950 3782 eodem
963 3736 1059 3780 sensu
1075 3736 1083 3779 ε
1098 3718 1206 3779 Melior
1233 3716 1277 3780 od

97 3828 129 3891 le
152 3829 234 3891 douc
253 3827 309 3892 ris.
331 3830 459 3891 Parton.
476 3830 565 3891 8918.
581 3860 621 3876 ·-
635 3828 801 3890 Nicolcteo
828 3826 857 3888 le
884 3825 950 3888 cler
963 3828 1022 3887 vis.
1040 3826 1202 3902 Auoassin,
1219 3826 1270 3900 18,

97 3938 128 3998 1.
145 3965 188 3984 -ι
200 3935 315 3999 S'amie
328 3955 345 3998 0
357 3937 387 3998 10
401 3937 465 4000 cler
478 3935 536 3999 vis.
553 3936 599 4000 lb.
611 3937 639 4011 1,
654 3939 684 3998 7.

658 4125 709 4188 lll.

136 4282 226 4343 Nunc
241 4281 279 4342 de
292 4281 398 4362 lipsius
421 4281 506 4342 modi
533 4275 824 4357 circumscriptione
848 4277 1014 4348 disseram,
1035 4293 1115 4354 quue
1139 4271 1265 4354 quidem

97 4388 183 4448 liniri
198 4392 301 4467 potest
315 4386 473 4448 adiunctio
489 4386 739 4448 circumstantiae
755 4388 902 4445 externae
916 4383 967 4445 vel
990 4380 1150 4462 qualitatis
1165 4382 1266 4443 cuius·

97 4494 173 4556 dam
185 4491 315 4555 intimae
330 4492 389 4554 sub
401 4510 509 4555 sensus
520 4492 702 4573 plerumque
716 4509 780 4554 non
795 4490 945 4552 cadentis.
