3084 5067
175 438 417 514 adducendum,
433 413 682 516 alteragrariter
703 433 830 513 agendi,
845 431 886 495 cd
906 432 1031 494 animos
1052 428 1246 504 audientium
1270 445 1340 506 pcr-

174 548 357 610 movendos.
373 545 418 607 ld.
435 546 479 606 ib.
496 546 544 606 23.
558 544 702 605 -Palus
717 534 1338 622 RomanoSchjinsequendumltardabat.

174 654 261 716 Gaas.
278 654 338 715 BG.
356 656 385 726 7,
403 654 452 714 26.
470 687 509 697 -
524 654 565 715 Ut
578 653 723 730 ingratiis
738 650 778 712 ud
797 648 1042 730 depugnandum
1058 662 1166 706 omnes
1187 660 1339 720 cogeren-

171 765 234 823 tur.
249 762 326 840 Nep.
359 761 472 822 Them.
489 762 519 820 1.
547 793 585 804 -
608 758 719 820 Arcem
738 756 952 819 sacerdotibus
971 753 1010 814 ad
1028 770 1118 813 sacra
1141 748 1341 831 procuranda

172 867 310 929 tradunt.
325 869 371 929 ld.
399 868 442 928 ib.
459 868 489 928 2.
512 902 551 911 -
575 867 664 940 Quod
689 865 871 928 societatem
886 880 958 924 cunr
981 878 1055 939 rege
1069 860 1163 930 Perse
1180 853 1220 918 a'd
1243 855 1338 928 Grae-

172 974 255 1036 ciam
272 976 517 1055 opprimendam
532 975 665 1037 fecisset.
682 974 728 1035 ld.
745 974 787 1036 ib.
804 975 834 1034 8.
860 1003 901 1022 -
921 968 968 1031 Aa
992 965 1199 1048 capessendos
1224 963 1340 1041 magis-

171 1087 273 1147 tratus
296 1085 330 1146 in
350 1084 463 1145 urbem
482 1085 653 1165 digressus.
680 1085 754 1148 Tac.
771 1084 846 1161 Agr.
872 1082 901 1154 6.
928 1113 967 1123 -
992 1077 1114 1138 Electus
1136 1094 1156 1136 a
1180 1073 1279 1135 Galba
1301 1070 1340 1132 ad

170 1191 256 1254 dona
274 1192 468 1272 templorum
498 1190 762 1269 recognoscenda.
784 1190 830 1250 ld.
851 1188 894 1249 ib.
908 1189 938 1252 6.
953 1220 993 1234 -
1016 1185 1075 1258 Oui
1094 1182 1133 1245 ad
1152 1180 1339 1243 tradendam

170 1297 370 1378 disciplinam
392 1300 530 1361 immixti
554 1296 734 1378 manipulis.
760 1297 807 1359 Id.
832 1296 875 1357 ib.
901 1297 950 1357 28.
980 1329 1019 1339 -
1041 1291 1089 1355 Ad
1112 1293 1339 1371 ignoscendum

169 1406 331 1488 erroribus
341 1407 500 1486 inclinari.
516 1407 620 1470 Amm.
645 1403 781 1468 Marcell.
798 1404 913 1480 27,11,
929 1405 959 1465 6.
980 1437 1020 1448 -
1039 1400 1235 1479 Negantibus
1250 1400 1338 1461 adbi-

171 1511 254 1573 betis
266 1517 426 1576 tormenta
444 1513 485 1576 cd
502 1513 731 1576 confitendum.
756 1512 884 1573 Tertull.
906 1511 991 1591 apol.
1008 1510 1037 1569 2.
1064 1543 1103 1554 -
1125 1510 1195 1571 Non
1211 1524 1285 1585 ergo
1299 1504 1339 1570 ad

168 1621 347 1686 acuendam
371 1621 515 1702 linguam
542 1622 720 1684 referebam
745 1619 835 1681 illum
858 1618 986 1679 librum.
1010 1614 1175 1695 Augustis.
1200 1613 1335 1677 confess.

167 1728 245 1802 3,1.

208 1835 288 1914 Quid
302 1855 378 1912 vero
396 1836 423 1899 si
441 1838 515 1900 inde
538 1838 578 1899 ad
601 1833 833 1914 merovingicae
846 1852 923 1896 usus
940 1833 1093 1907 venimus,
1108 1830 1169 1893 nisi
1183 1831 1336 1920 usquead

165 1943 262 2006 finem
283 1944 412 2007 retineri
426 1945 485 2007 has
501 1945 746 2007 constructiones
758 1948 828 2004 tum
842 1942 926 2021 apud
941 1943 1111 2021 scriptores
1132 1939 1336 2003 classicorum

164 2050 352 2128 imitatores,
368 2056 436 2113 tum
450 2053 483 2114 in
496 2050 690 2114 barbarioris
704 2055 798 2113 notae
812 2048 1049 2113 instrumentis?

204 2159 438 2239 1⁰Praepositio
450 2158 490 2226 ud
499 2158 652 2238 gerundia
666 2160 834 2222 coniuncta
844 2158 1041 2238 propositum
1048 2157 1144 2219 finem
1152 2156 1266 2234 signat,
1277 2154 1336 2215 etsi

162 2283 356 2347 consequens
376 2268 508 2330 verbum
522 2267 601 2329 nihil
617 2270 671 2328 aut
681 2285 795 2347 parum
813 2266 930 2328 babeat
942 2266 1115 2329 momenti:
1135 2265 1335 2338 sairanem

162 2378 195 2435 et
206 2370 321 2435 Filium
335 2378 367 2435 et
380 2374 531 2455 Spiritum
541 2375 691 2437 Sanctum
707 2374 775 2436 ausi
787 2379 859 2435 sunt
867 2375 1025 2452 denegare
1040 2372 1080 2434 ad
1088 2372 1334 2435 convincendam

163 2479 360 2543 Trinitatem.
390 2484 465 2544 Aru.
483 2483 521 2544 de
537 2485 610 2559 lieo,
628 2483 656 2559 1,
674 2484 703 2545 3.
725 2484 818 2544 -Se
839 2482 950 2544 tollere
973 2500 1082 2543 rursus
1101 2481 1141 2543 cd
1164 2484 1335 2544 consisten-

161 2588 276 2653 dum...
292 2607 357 2651 non
373 2592 482 2668 potuit.
499 2592 588 2654 Paul.
604 2590 674 2654 Nol.
685 2608 789 2669 poem.
802 2591 851 2666 20,
868 2591 918 2651 89.
930 2622 970 2635 -
981 2592 1084 2651 Nares
1097 2588 1137 2651 ad
1150 2590 1334 2667 fugiendum

160 2700 263 2776 parat.
286 2697 378 2778 Greg.
404 2700 478 2761 Tur.
504 2698 566 2759 HF.
592 2701 622 2775 3,
647 2698 698 2762 10.
720 2733 755 2744 -
778 2695 824 2758 Ad
850 2697 1069 2777 complendam
1095 2696 1234 2758 malitiae
1256 2714 1334 2759 suae

161 2805 279 2870 molem
293 2806 414 2886 primus
427 2810 536 2869 contra
551 2803 663 2867 Christi
677 2805 796 2868 cultum
809 2806 1062 2886 persecutionem
1082 2807 1209 2869 excitat.
1226 2806 1272 2868 ld.
1287 2805 1330 2868 ib.

160 2914 191 2990 1,
207 2915 258 2974 25.
273 2946 314 2961 -
328 2913 360 2976 si
374 2913 453 2975 mihi
465 2913 505 2975 ud
517 2913 770 2994 persequendum
788 2913 919 2975 fratrem
934 2930 1040 2974 meum
1053 2914 1237 2993 praebueris
1251 2913 1333 2977 sola-

157 3024 252 3088 tium.
268 3022 314 3084 ld.
329 3021 373 3083 ib.
389 3023 420 3096 2,
436 3022 486 3084 32.
502 3056 543 3068 -
556 3023 655 3084 Reddi
668 3022 778 3084 iubeas
793 3021 833 3085 cd
847 3021 1061 3085 ulciscendam
1076 3026 1211 3085 mortem
1220 3024 1341 3101 patris:

159 3129 205 3193 ld.
222 3130 266 3193 ib.
284 3132 312 3206 7,
331 3132 379 3191 11.
395 3162 436 3176 -
450 3131 637 3193 cucurbitae
661 3129 760 3192 elixae
773 3130 852 3195 bene
867 3130 899 3195 in
914 3130 1018 3195 sale...
1034 3130 1074 3194 cd
1094 3136 1332 3211 contemperan-

160 3239 219 3300 das
232 3237 336 3300 febres
351 3238 480 3302 faciunt.
505 3238 711 3302 Anthinae.
728 3237 827 3301 -Ad
849 3239 1018 3301 devitanda
1041 3240 1201 3301 consortia
1223 3238 1333 3299 mulie-

158 3362 243 3405 rum.
260 3345 344 3425 Dipl.
360 3346 437 3423 Bag.
456 3345 504 3420 22,
521 3364 551 3405 a.
567 3346 637 3420 618,
654 3364 685 3424 p.
700 3346 752 3420 23,
767 3347 798 3408 5.
813 3379 852 3390 -
867 3344 899 3407 81
916 3345 987 3425 quis
1001 3346 1040 3408 ad
1054 3345 1200 3427 rapinam
1213 3344 1331 3406 facien·

159 3452 233 3514 dam
259 3452 452 3529 adgreditur.
471 3454 578 3517 Form.
594 3452 669 3517 Tur.
684 3454 734 3530 30,
749 3474 781 3534 p.
799 3454 866 3529 152,
884 3455 935 3518 27.
950 3486 991 3502 ·-
1003 3452 1049 3515 Ad
1063 3454 1208 3533 rapinam
1230 3451 1333 3513 velud

42 3621 46 3637 .
159 3558 310 3621 insidiam
325 3577 420 3638 super
434 3577 484 3620 me
500 3560 679 3622 faciendam
693 3560 830 3624 adstetit.
847 3561 891 3623 lb.
908 3562 958 3634 31,
974 3582 1006 3642 p.
1022 3564 1092 3637 151,
1109 3562 1139 3624 8.
1154 3592 1196 3608 -
1208 3558 1255 3621 Aa
1267 3558 1331 3621 vic·

158 3665 279 3727 tualem
293 3667 510 3728 necessitatem
525 3668 781 3747 conquirendam.
799 3668 926 3742 hilam,
942 3670 971 3743 1,
989 3671 1018 3745 2,
1034 3670 1062 3731 1.
1076 3701 1115 3713 -
1126 3668 1330 3730 Basilicam...

157 3772 199 3835 ad
210 3790 345 3853 corpora
353 3791 462 3834 eorum
472 3774 521 3835 vel
530 3779 675 3838 nostrum
686 3778 874 3856 quiescenda
882 3776 1107 3839 edificavimus
1120 3777 1206 3840 Ghll.
1218 3778 1289 3853 311,
1300 3794 1330 3842 a.

158 3881 228 3957 662,
241 3898 273 3960 p.
291 3879 468 3943 lib-Ad
477 3882 687 3944 deludendum
696 3883 735 3945 cd
745 3884 981 3962 deganandum.
992 3883 1092 3947 Gloss
1106 3885 1214 3948 Reich.
1231 3885 1281 3946 68.
1291 3916 1331 3932 -

156 3985 204 4049 Ad
217 4005 330 4049 causas
345 3986 512 4051 iudiciario
527 4008 616 4052 more
640 3990 812 4052 audiendas
832 3996 927 4070 atque
940 3991 1157 4053 discuciendas
1170 3991 1222 4053 vel
1241 3991 1331 4054 freda

159 4095 325 4173 exigenda.
342 4095 446 4157 Form.
462 4097 541 4175 Imp.
557 4099 587 4172 1,
604 4115 636 4176 p.
653 4099 721 4172 290,
739 4098 788 4157 22.
800 4131 840 4144 -
850 4098 922 4160 lllos
936 4100 1089 4159 mittimus
1099 4098 1139 4160 ad
1153 4098 1212 4159 has
1224 4101 1331 4178 partes

157 4200 197 4262 ad
212 4202 385 4262 exercitum
398 4204 646 4282 promovendum
672 4209 703 4266 et
725 4206 937 4268 heribannum
952 4207 1173 4268 exactandum.
1188 4207 1235 4272 lb.
1251 4209 1279 4281 7,
1295 4224 1328 4285 p.

159 4308 296 4392 19230·
1317 4309 1319 4314 ’

196 4415 229 4476 2ο
251 4416 446 4498 Praepositio
468 4418 509 4481 ad
532 4422 685 4499 gerundio
710 4421 859 4485 adiuncta
882 4423 1067 4502 praesertim
1087 4428 1159 4503 post
1182 4425 1329 4487 movendi
