3084 5067
753 344 932 405 -101-

258 502 320 566 hac
332 516 440 568 10110111
454 501 621 568 discrimen
630 507 732 566 aetate
745 503 882 566 barbara
907 503 1014 568 forsan
1033 505 1079 568 ita
1105 505 1236 583 periisse
1250 507 1285 568 ut
1298 506 1334 566 ia
1345 503 1427 566 duc-

258 608 315 669 bus
329 608 473 669 formulis
486 610 658 689 particulae
673 608 713 671 ud
727 611 774 671 vis
788 609 948 672 simillima
959 611 1171 673 tribueretur?

296 717 329 778 30
342 716 437 779 Notio
450 717 544 779 etiam
558 715 630 777 finis
643 734 707 778 non
721 722 769 778 est
787 719 863 795 quin
890 718 998 797 aliqua
1010 736 1050 779 ex
1072 723 1163 797 parte
1190 735 1263 779 cum
1275 736 1315 782 eo
1331 736 1428 780 sensu

256 828 419 902 congruat,
435 841 517 902 quae
531 824 709 886 declaratur
722 822 755 883 in
768 823 963 886 huiscemodi
973 824 1053 887 locis
1075 845 1085 885 .·
1107 824 1251 888 Crinibus
1263 824 1428 886 dissolutis

255 929 296 992 cd
308 929 443 994 hilarem
454 929 625 994 lasciviam.
640 930 731 1010 Apul.
754 936 829 994 met.
840 931 870 1004 2,
888 931 936 991 l'l.
951 965 992 976 —
1004 933 1044 994 Ut
1070 931 1110 994 od
1135 930 1282 994 iniuriam
1294 931 1428 996 alterius
1528 953 1529 1014 1

255 1036 389 1099 alterum
400 1037 701 1116 magnificentiorem
714 1036 883 1100 existimes.
895 1039 969 1101 Arn.
991 1038 1031 1100 de
1044 1040 1120 1113 Deo,
1138 1039 1167 1114 1,
1177 1040 1208 1102 9.
1220 1068 1262 1085 -
1273 1036 1322 1099 Ad
1333 1039 1427 1100 indu·

255 1142 387 1208 bitatam
401 1143 497 1204 fidem
509 1143 626 1208 veritas
636 1146 707 1223 ipsa
721 1143 950 1207 testificabitur.
963 1143 1007 1208 cl.
1020 1147 1113 1206 llam
1130 1146 1169 1207 de
1178 1150 1272 1218 statu,
1284 1146 1314 1220 8,
1332 1145 1427 1207 13.-

256 1251 301 1310 Νο
311 1249 352 1312 cd
364 1250 536 1314 vindictam
547 1251 747 1313 inimicorum
759 1251 876 1312 multae
889 1251 990 1313 lueret
1010 1270 1140 1331 poenae
1158 1252 1249 1332 Greg.
1268 1254 1341 1316 Tur.
1359 1253 1424 1313 HF.
1528 1295 1529 1340 3

255 1358 286 1430 5,
301 1357 351 1422 18.
366 1387 407 1404 -·
422 1356 516 1418 Cuius
529 1361 624 1437 caput
637 1362 819 1420 truncatum
833 1357 873 1420 cd
884 1360 1057 1421 vindictam
1085 1359 1341 1422 adversariorum
1352 1358 1427 1420 urbi

256 1461 394 1538 delatum
408 1467 467 1528 est.
482 1463 529 1530 ld.
540 1463 583 1523 ib.
599 1465 629 1540 8,
640 1464 691 1526 31).

296 1568 492 1634 Tenuissima
505 1571 585 1632 haec
597 1588 746 1634 sensuum
758 1572 952 1647 discrimina,
969 1572 1083 1651 quibus
1095 1571 1147 1633 vel
1159 1571 1309 1636 ininlims
1318 1571 1425 1634 latini·
1528 1553 1529 1588 l

254 1681 320 1738 tate
333 1677 494 1755 signandis
505 1677 575 1757 plus
586 1679 689 1739 minue
704 1680 832 1740 inservit
848 1677 889 1742 ed
902 1678 1065 1758 particula,
1082 1679 1219 1746 arbitror
1241 1681 1274 1739 in
1295 1683 1425 1744 concin-
1528 1761 1529 1766 ἵ

255 1783 394 1846 rendam
412 1785 512 1863 ipsius
538 1785 627 1847 modi
654 1785 839 1848 relationem
862 1786 951 1866 quasi
976 1788 1183 1866 conspirasse.
1213 1787 1257 1848 Eo
1272 1786 1342 1860 fuit,
1372 1806 1426 1852 me
1528 1773 1529 1776 ¹

253 1889 368 1964 iudice,
386 1897 579 1954 commutata
593 1897 761 1973 syntaxeos
776 1894 867 1968 ratio,
884 1898 918 1954 ut
932 1894 1018 1973 quod
1041 1895 1233 1974 praepositio
1246 1893 1287 1956 od
1301 1896 1334 1955 in
1349 1912 1425 1956 con-
1528 1889 1529 1948 l

253 1997 416 2075 gruentiae
440 1997 492 2058 vel
518 1999 745 2061 conformitatis
774 2000 824 2061 vel
845 2000 922 2062 finis
945 1999 1151 2062 relationibus
1174 2003 1316 2080 signaret
1329 2002 1372 2064 de
1388 2019 1425 2064 re

253 2097 361 2165 extera
375 2103 445 2183 plue
460 2105 619 2166 minusad
633 2105 766 2167 alteram
783 2108 1034 2180 accommodata,
1051 2105 1085 2166 id
1102 2125 1184 2167 nuno
1199 2106 1368 2170 referretur
1382 2109 1426 2172 ad

252 2211 468 2276 condicionem
483 2216 538 2274 aut
550 2210 734 2290 qualitatem
749 2215 782 2272 in
797 2231 831 2273 re
851 2215 1041 2276 intrinsecus
1054 2215 1205 2293 positam,
1224 2215 1424 2294 eandemque

253 2319 428 2380 certissimo
438 2318 535 2380 modo
549 2317 761 2380 definientem.
779 2320 874 2381 Cuius
886 2322 931 2381 rei
947 2322 1107 2399 specimen
1121 2322 1186 2381 iam
1208 2322 1323 2384 rustice
1338 2320 1423 2399 figu-

252 2424 1093 2504 101110001110101111011111110011011(1101101111
1120 2427 1171 2489 101
1203 2427 1424 2492 Formularum

250 2529 347 2592 locis:
363 2528 396 2594 si
410 2532 481 2608 quis
494 2530 607 2594 bovem
627 2536 680 2592 aut
703 2532 859 2594 cavallum
872 2532 923 2593 vel
939 2532 1079 2611 quelibet
1102 2533 1222 2596 animal
1246 2533 1287 2596 ud
1302 2534 1424 2597 lurtum

250 2636 434 2716 perdedirit.
444 2635 533 2698 LSal.
549 2639 580 2710 Ξ,
596 2639 646 2714 36,
664 2640 680 2700 1
695 2638 903 2719 (perfortem,
919 2641 990 2703 cod.
1007 2641 1022 2700 1
1037 2660 1045 2715 ;
1076 2642 1110 2703 iu
1123 2641 1249 2722 fartam,
1265 2618 1367 2708 codd.
1389 2645 1421 2717 3,

250 2744 280 2817 5,
296 2742 338 2823 6).
354 2777 395 2788 —
408 2743 632 2823 Interpellabat
644 2744 751 2825 aliquo
768 2746 934 2808 homine...
950 2749 1041 2826 quasi
1052 2749 1194 2810 iumento
1205 2767 1263 2811 suo
1276 2748 1317 2810 cd
1330 2749 1425 2812 furtis

250 2849 443 2912 condicionis
458 2851 601 2914 abuissit.
613 2854 717 2914 Form.
745 2853 890 2928 anull,
907 2872 938 2933 p.
968 2857 998 2930 8,
1014 2855 1343 2934 111.-1011011101
1370 2874 1422 2917 res

250 2975 346 3036 quam
359 2957 503 3037 plures...
516 2958 557 3021 od
571 2958 660 3020 furtis
673 2961 778 3021 causis
791 2960 1018 3039 deportassent.
1034 2962 1079 3025 lb.
1091 2962 1142 3038 31,
1153 2981 1184 3041 p.
1202 2965 1252 3036 13,
1269 2963 1300 3022 1.

288 3064 406 3127 ldcireo
419 3066 452 3126 in
466 3064 618 3145 exemplis
641 3066 878 3146 insequentibus
900 3085 981 3146 quae
1009 3086 1081 3130 cum
1107 3087 1124 3130 e
1152 3070 1267 3132 veteris
1288 3068 1422 3150 gallicae

249 3172 376 3251 linguae
390 3175 602 3236 monumentis
617 3173 805 3252 deprompta
819 3172 891 3249 sint,
921 3174 1029 3237 omnia
1055 3174 1106 3237 vel
1120 3194 1226 3237 rerum
1241 3194 1421 3254 0013111011-
1528 3185 1529 3256 l

249 3283 328 3341 tiam
343 3279 393 3341 rel
405 3280 535 3341 modum
550 3279 665 3357 agendi
680 3280 839 3359 quendam
853 3279 1019 3346 declarant
1032 3301 1088 3362 per
1108 3283 1299 3363 particulam
1319 3302 1351 3356 a,
1367 3284 1419 3359 od,
1528 3263 1529 3344 l

247 3387 356 3452 malim
369 3386 1006 3466 haneepraepoaitionelatinaadortam
1020 3390 1132 3454 haberi
1149 3410 1158 3452 .·
1174 3393 1268 3451 Furat
1283 3394 1421 3452 mortes
1528 3425 1529 3464 3

246 3498 341 3572 grant
354 3494 510 3555 honestet.
536 3491 668 3566 Eulalia,
686 3494 734 3557 18.
751 3527 791 3538 -
810 3492 836 3555 Α
851 3495 953 3572 grand
967 3496 1069 3557 honor
1097 3496 1126 3557 el
1151 3495 1328 3576 l'enportet.
1342 3496 1420 3558 Pas·
1528 3527 1529 3556 1

231 3601 327 3676 sion,
343 3601 394 3660 86.
411 3631 450 3643 -·
463 3597 585 3662 Ahalte
600 3600 667 3662 vois
681 3600 760 3679 prist
774 3599 798 3661 li
811 3601 909 3679 pedre
923 3601 1066 3664 acrider.
1079 3601 1195 3678 Alexis,
1212 3600 1420 3664 111.-010110

247 3708 315 3769 roiz
329 3705 491 3768 1110011111
504 3711 579 3784 gent
593 3706 739 3768 menude.
755 3706 801 3769 lb.
816 3708 884 3768 191.
899 3738 938 3754 -
951 3707 1195 3772 L'olifantsunet
1211 3708 1340 3772 cdulur
1354 3727 1383 3770 e·
1400 3728 1421 3771 a
1528 3787 1529 3792 ἵ

246 3815 347 3894 peine.
361 3813 429 3876 Rol.
445 3813 535 3874 1787.
549 3844 589 3859 -
603 3813 647 3873 La
657 3831 782 3875 murrez
796 3832 854 3875 vus
868 3832 888 3876 a
901 3815 1000 3875 hante
1015 3833 1032 3876 e
1053 3834 1072 3878 e
1087 3816 1185 3880 viltet.
1200 3817 1328 3878 111137.
1340 3850 1380 3861 -
1393 3814 1419 3877 Α
1528 3821 1529 3856 ³

245 3923 339 3997 gram
347 3918 413 3999 joie
425 3918 472 3980 les
491 3936 586 3980 noces
613 3918 716 3980 lirent.
746 3921 921 3995 11010111,
946 3921 1036 3982 8889.
1053 3953 1093 3968 -
1107 3924 1273 3984 dureoeuz
1294 3941 1315 3985 0
1337 3921 1419 3986 mult

245 4029 341 4106 grant
350 4023 415 4106 Joie
440 4028 470 4086 et
495 4026 610 4087 omult
627 4031 721 4107 grant
747 4027 861 4089 honor.
887 4026 999 4094 Villeh.
1025 4030 1095 4091 111.
1110 4062 1150 4073 -
1163 4029 1372 4094 S'aresterent
1399 4047 1420 4090 a
1528 4089 1529 4118 Ξ

246 4138 339 4211 grant
351 4134 434 4195 dote.
451 4133 496 4194 Id.
513 4134 583 4195 339.
599 4165 640 4179 --
651 4132 677 4195 Α
690 4140 786 4213 grant
800 4133 913 4196 travail
928 4140 987 4197 eta
1001 4140 1096 4215 grant
1109 4138 1239 4200 martire
1258 4135 1288 4197 le
1304 4137 1418 4216 depar-
1528 4149 1529 4164 ¹

246 4239 351 4302 tinent.
367 4241 412 4304 Id.
428 4242 478 4302 89.
494 4273 534 4290 ·-·
547 4238 576 4302 S'
592 4258 632 4302 en
643 4242 742 4303 issent
754 4260 775 4303 c
789 4240 906 4306 desroi.
921 4243 1046 4305 11353.
