3084 5067
594 354 774 415 ..104-

97 511 391 576 Animadvertamus
404 512 498 576 etiam
507 514 633 595 oportet
646 514 698 598 his
709 514 787 579 locis
801 515 930 577 minime
953 510 1129 595 significari-
1137 517 1266 582 modum

98 638 161 699 quo
176 621 281 682 fitres.

140 728 203 789 Nec
216 746 267 789 me
282 730 361 807 fugit
379 728 432 791 hic
460 728 625 806 fingendae
653 729 821 812 hypothesi
840 736 948 810 patere
975 749 1133 812 campum.
1150 727 1268 812 Nempe

98 839 268 897 notumest
281 835 468 913 Gregorium
484 837 707 912 Turonensem‚
734 854 774 898 ne
802 840 922 900 ceteros
936 839 1050 911 dicam,
1067 839 1191 900 sibimet
1205 840 1278 919 ipsi*

98 959 216 1022 pravae
230 942 392 1004 latinitatis
407 943 566 1005 conscium
581 962 645 1005 non
659 944 757 1005 semel
771 962 863 1005 usum
876 963 942 1006 esse
957 947 1190 1025 praepositione
1202 963 1269 1009 cum

99 1069 159 1129 pro
173 1049 254 1130 aprtd
263 1054 294 1111 et
308 1049 486 1128 ignorantia
500 1051 550 1112 vel
564 1051 746 1114 confusione
774 1054 951 1131 peccavisse
966 1070 1037 1114 cum
1064 1052 1182 1131 agresti
1196 1053 1268 1114 stilo

99 1157 218 1219 bonum
246 1158 385 1222 colorem
412 1160 635 1240 superinduere
658 1159 802 1222 voluerit.
833 1160 997 1221 Proferam
1022 1178 1124 1240 pauca
1147 1165 1269 1222 tantum

99 1267 274 1345 specimina
285 1284 292 1327 :
305 1266 494 1347 Dignitatem
504 1284 572 1329 cam
586 1269 697 1329 eodem
707 1267 836 1329 habere.
849 1267 941 1345 Greg.
954 1269 1027 1330 Tur.
1040 1269 1102 1328 HF.
1118 1270 1148 1344 l,
1164 1268 1215 1329 28.
1231 1301 1270 1313 —

99 1371 238 1435 Gratiam
252 1387 318 1435 cam
328 1373 456 1454 populo.
472 1375 516 1436 ld.
533 1374 576 1434 ib.
594 1377 622 1443 7.
640 1376 668 1435 l.
682 1409 721 1423 -
734 1376 901 1454 vitamque
926 1392 993 1436 cum
1011 1374 1111 1437 iudice
1127 1376 1268 1438 obtenta.

97 1480 145 1541 ld.
163 1480 221 1541 GC.
238 1483 277 1542 99
292 1480 345 1563 (l).
363 1482 395 1544 Si
406 1481 501 1562 paulo
517 1480 610 1543 latius
621 1498 686 1553 eae,
713 1483 787 1544 inde
815 1484 968 1562 suspicari
995 1482 1097 1561 possis
1111 1484 1288 1562 praeposi-¹

98 1586 200 1649 tiones
215 1588 326 1649 codem
340 1590 435 1651 modo
449 1590 622 1668 eademque
643 1575 706 1649 atili
734 1589 948 1651 infelicissima
973 1608 1049 1652 cura
1073 1590 1131 1651 etsi
1146 1589 1271 1650 diversa

98 1693 308 1775 transpositas
332 1694 364 1756 in
390 1695 552 1758 formulis:
570 1693 696 1759 Proceri
724 1713 791 1758 cam
812 1697 896 1773 fleta,
926 1696 1026 1758 dicere
1058 1695 1268 1775 cumpunctio,

98 1801 231 1881 aliisque
259 1802 413 1864 similibus
440 1820 521 1882 quae
548 1802 742 1883 frequentius
770 1807 953 1879 occurruut;
982 1802 1100 1883 quippe
1133 1819 1214 1882 quae
1228 1804 1286 1864 ad1
1364 1883 1365 1894 ἵ

97 1908 230 1970 latinam
244 1911 400 1971 rationem
415 1909 562 1972 reductae
577 1909 746 1970 subaudire
762 1910 873 1970 darent
888 1910 919 1970 in
933 1909 1056 1989 vulgari
1070 1914 1100 1970 et
1113 1908 1270 1971 cotidiano
1285 1929 1287 1944 ²

97 2032 242 2078 sermone
254 2015 427 2078 locutiones
443 2014 591 2079 :Proceri
603 2015 683 2096 opud
708 2018 792 2095 lietu,
810 2017 910 2079 dicere
923 2016 1003 2097 apud
1027 2016 1148 2095 gaudio,
1164 2019 1272 2095 postea

95 2123 128 2183 in
143 2120 307 2183 romanica
321 2127 430 2184 nostra
442 2123 605 2202 linguasic
620 2141 783 2203 expressas
797 2141 805 2184 τ
818 2120 908 2184 Prien
921 2141 941 2185 a
955 2122 1050 2196 dolor,
1064 2122 1132 2184 dire
1146 2128 1269 2201 agraet

92 2228 170 2308 joie,
185 2233 244 2291 etc.
261 2230 322 2290 Sed
336 2230 504 2310 hypothesi
517 2231 609 2292 valde
620 2231 770 2310 diffidam,
783 2248 855 2292 cum
865 2229 898 2291 in
909 2229 1010 2292 citatis
1024 2228 1168 2290 formulis
1178 2246 1272 2289 usum

95 2338 338 2417 praepositionis
353 2354 421 2400 cam
430 2357 489 2399 usu
503 2338 602 2401 latino
616 2340 691 2399 satis
706 2338 857 2418 explicari
870 2339 980 2417 possit,
997 2354 1131 2416 cumque
1145 2340 1271 2415 praete·

96 2462 153 2504 rea
166 2461 237 2505 eam
250 2443 338 2505 nulla
353 2445 497 2507 codicum
512 2447 601 2506 varia
614 2446 748 2507 lectione
767 2445 974 2507 corroborare
988 2445 1109 2524 possim
1123 2442 1289 2504 exhibens

94 2553 175 2612 tium
185 2550 217 2613 in
227 2552 381 2614 similibus
395 2552 473 2615 locis
490 2552 571 2632 opud
591 2552 641 2614 vel
665 2551 703 2614 ab
719 2570 778 2631 pro
793 2569 870 2612 cum.
899 2551 1022 2612 Addam
1048 2550 1269 2612 tantumlocu-

96 2660 200 2721 tiones
224 2660 365 2738 vulgaris
387 2660 548 2721 latinitatis
572 2679 592 2720 a
619 2677 670 2719 me
692 2659 783 2720 fictas
809 2657 968 2719 nonnullis
1000 2656 1151 2738 exemplis
1166 2656 1272 2719 forsan

97 2768 307 2830 demonstrari
321 2768 502 2840 romanicis,
519 2766 623 2830 sicut:
644 2768 679 2827 Li
694 2766 805 2846 poples
819 2765 849 2827 le
871 2766 970 2827 sewid
994 2764 1031 2826 od
1059 2765 1167 2827 chanz.
1185 2762 1270 2837 Rois,

97 2895 129 2957 p.
146 2875 216 2937 225.
232 2907 273 2927 -
288 2876 348 2938 bor
365 2876 501 2955 prioient
515 2894 531 2936 o
544 2875 678 2955 plaintes
688 2879 719 2936 et
732 2893 749 2936 o
763 2874 866 2954 plora·
877 2873 990 2936 Villeh.
1007 2875 1077 2935 377.

138 2982 167 3065 c)
179 2985 287 3045 Restat
301 3002 376 3062 ergo
394 2989 429 3044 ut
443 2982 502 3045 soli
515 2982 555 3044 ad
569 2983 795 3062 praepositioni
810 2979 965 3044 maximas
980 2986 1087 3060 partes
1097 2981 1274 3043 tribuamus

98 3093 252 3172 quotiens
265 3091 303 3152 de
319 3089 405 3153 modi
419 3090 574 3152 relatione
597 3094 720 3168 agatur.
742 3089 852 3151 Modus
867 3091 950 3151 enim
974 3088 1054 3149 adeo
1078 3086 1200 3149 subtilis
1226 3093 1273 3149 est

98 3198 221 3273 relatio,
238 3202 272 3259 ut
287 3198 327 3259 ad
338 3215 408 3259 eam
423 3197 656 3258 informandam
670 3214 734 3257 non
752 3197 870 3257 mirum
898 3195 1039 3257 videatur
1067 3195 1150 3274 quod
1166 3195 1290 3258 variae

100 3305 197 3366 simul
208 3305 354 3367 'notiones
367 3305 594 3377 concurrerint,
610 3305 692 3364 inter
702 3322 781 3382 quas
800 3321 808 3364 ε
825 3318 827 3322 ·
949 3302 952 3308 ’

139 3413 172 3472 1⁰
186 3413 279 3474 Notio
290 3413 526 3489 congruentiae,
541 3439 544 3446 »
557 3429 652 3490 quam
675 3429 731 3490 per
759 3410 1024 3491 praepositionem
1051 3409 1093 3471 ud
1110 3413 1217 3489 aperte
1229 3408 1272 3470 si-

98 3523 228 3599 gnatam
241 3519 387 3581 vidimus.

141 3630 174 3688 2⁰
186 3626 277 3689 Notio
292 3624 521 3689 conformitatis
535 3643 617 3706 quae
632 3624 667 3685 flt
681 3626 762 3686 inter
778 3625 857 3685 duas
881 3642 931 3685 res
956 3617 1198 3697 adsimilatione,
1210 3642 1274 3703 qua

100 3734 221 3797 seilicet
235 3733 421 3795 subauditur
434 3734 481 3794 rei
500 3733 695 3812 comparatio
710 3736 741 3792 et
764 3732 899 3808 figurate
924 3731 1080 3792 indicatur
1095 3729 1205 3792 relatio
1232 3730 1290 3791 ad*

100 3840 263 3923 exemplar
271 3841 452 3921 quoddam:
460 3840 626 3902 Interiacet
654 3841 738 3900 enim
763 3838 945 3913 discrimen,
960 3839 987 3897 si
1008 3844 1130 3916 spectes
1153 3839 1195 3899 ad
1211 3838 1293 3899 ori··

99 3950 207 4031 ginem
221 3948 304 4011 inter
318 3967 328 4009 .·
344 3948 435 4010 Facio
449 3946 489 4010 ad
502 3947 685 4009 volantatem
708 3953 800 4020 tuam,
817 3948 848 4005 et
863 3963 871 4005 ε
893 3944 967 4008 Ram
981 3943 1075 4007 babai
1087 3944 1274 4025 adsertam

99 4057 218 4136 quippe
242 4056 275 4116 in
298 4057 399 4134 priori
421 4056 576 4116 sententia
603 4055 769 4115 denotatur
796 4052 966 4116 adtributio
986 4051 1217 4132 quadantenus,
1240 4053 1292 4113 in*

100 4164 201 4226 altera
214 4180 290 4225 vero
305 4164 419 4226 modus
433 4166 565 4223 tantum·
575 4179 636 4241 quo
649 4180 700 4222 res
715 4161 798 4222 facta
812 4164 870 4221 est.
884 4161 958 4233 Quis
973 4165 1077 4221 autem
1091 4162 1186 4236 neget
1204 4156 1273 4220 leve

135 4402 171 4468 (l)
185 4403 223 4454 De
237 4416 289 4467 quo
311 4402 343 4453 cf.
365 4405 392 4454 P.
412 4405 503 4468 Geyer,
519 4402 566 4452 loc.
582 4403 638 4464 cit,
650 4416 676 4466 p.
688 4404 732 4465 313
747 4401 781 4453 cf.
802 4402 958 4465 praesertim
978 4401 1096 4468 Greporii
1119 4400 1273 4451 Turonensis

104 4492 199 4558 Opera,
210 4491 268 4543 edd.
284 4492 368 4543 Arndt
379 4497 405 4543 et
415 4492 527 4554 llrusoh,
539 4492 634 4543 stoica
648 4495 674 4542 et
689 4491 879 4551 Grammatico,
894 4504 920 4556 p.
933 4491 988 4542 939.
