3084 5067
429 1093 595 1187 PARS
640 1093 1016 1187 POSTERIOR

212 1319 511 1391 ueoxrumas
542 1249 632 1390 ran
665 1320 965 1390 rosiriouuu
999 1321 1228 1392 uorarvn

583 1546 847 1557 ...uu———no

628 1839 753 1903 GAPVT
775 1842 799 1902 l.
834 1887 837 1891 n

130 2008 171 2053 ΒΕ
184 2007 419 2055 ΡΗΑΕΡΟΒΙΤΙΟΝΕ
436 1999 483 2049 ΑΙ)
495 2006 597 2053 LOGALI
615 2007 652 2052 ΕΤ
664 2005 830 2053 emonem
850 2006 982 2053 EXGLVSA
996 2007 1130 2054 novenni
1155 2007 1296 2055 NOTIONE.

172 2196 339 2275 Hucusque
352 2197 458 2257 varios
470 2193 713 2275 praepositionis
726 2193 767 2257 ad
780 2214 856 2258 usus
870 2197 902 2255 in
913 2195 1059 2257 ordinem
1072 2197 1216 2275 digerere
1231 2202 1298 2259 ien-

130 2304 269 2365 terimus
289 2303 403 2382 quihus
425 2301 568 2381 signatur
596 2320 635 2363 ex
654 2303 831 2364 accessione
854 2304 1051 2383 proximitas,
1079 2304 1145 2363 sive
1163 2307 1247 2365 recte
1266 2303 1299 2363 id

130 2410 187 2471 liat
201 2428 256 2489 pcr
269 2408 507 2471 translationem
522 2410 563 2470 ad
573 2410 755 2485 terminum,
772 2411 837 2470 sive
851 2408 981 2488 obliqua
994 2410 1116 2471 ratione
1131 2425 1188 2488 per
1203 2407 1299 2470 adtri-

130 2516 296 2578 butionem
328 2517 369 2577 ad
391 2516 497 2577 locum
520 2521 576 2578 aut
602 2517 643 2577 ad
669 2534 851 2595 personam,
878 2518 942 2577 sive
967 2518 1062 2578 etiam
1087 2517 1221 2595 figurate
1243 2534 1300 2595 per

18 2703 20 2710 y
131 2624 369 2703 deputationem
395 2624 437 2684 ad
465 2622 560 2684 finem
584 2624 741 2702 quendam
769 2622 819 2684 val
853 2628 1060 2684 concurrente
1094 2623 1300 2702 comparandi

130 2731 360 2792 notitiaNunc
379 2730 549 2791 adsensus
569 2730 745 2809 particulae
769 2731 862 2791 venio
883 2730 937 2808 qui
960 2728 1197 2809 proximitatem
1221 2730 1301 2790 indi-

131 2842 206 2899 cant
220 2855 259 2898 ex
273 2836 387 2898 initiali
400 2837 555 2915 positione
574 2837 773 2916 pendentem,
798 2853 856 2896 nec
875 2851 1035 2897 resumere
1054 2836 1107 2896 hic
1130 2835 1300 2915 adgredior

130 2962 211 3024 quas
224 2942 264 3005 ob
280 2961 391 3005 causas
405 2961 514 3004 sensus
527 2942 580 3004 ille
593 2942 658 3004 vim
679 2942 814 3005 localem
834 2941 972 3004 retinens
994 2959 1051 3003 nec
1075 2944 1139 3002 iam
1163 2942 1299 3003 transla-

129 3051 250 3113 tionem
264 3051 318 3112 sed
333 3052 502 3112 stationem
512 3051 640 3128 signans
654 3050 704 3110 vel
718 3051 750 3110 in
765 3049 835 3111 loco
849 3048 899 3110 vel
909 3051 941 3110 in
951 3054 1094 3128 tempore
1110 3067 1127 3109 e
1141 3048 1301 3128 prioribus

129 3159 268 3219 derivari
282 3167 373 3237 posse
394 3158 475 3218 mihi
489 3156 633 3219 videatur
647 3155 701 3238 (l).
718 3156 822 3229 Quare
846 3161 954 3217 notato
977 3156 1039 3217 hoc
1053 3157 1134 3216 inter
1148 3155 1253 3218 locum
1269 3160 1300 3216 et

128 3270 255 3344 tempus
277 3264 456 3327 discrimine
477 3263 624 3344 exempla
646 3269 788 3326 actutum
816 3280 1020 3343 proponam:
1051 3264 1136 3342 quod
1164 3281 1239 3326 vero
1259 3264 1300 3324 ad

129 3373 236 3434 locum
249 3372 377 3446 adtinet,
394 3389 458 3433 nou
472 3388 604 3450 possum
618 3371 694 3450 quin
709 3368 951 3450 praepositionis
958 3368 1040 3450 apud
1053 3374 1123 3431 tum
1134 3371 1166 3428 iu
1181 3368 1300 3429 Latinis

130 3484 199 3541 tum
213 3480 246 3539 in
261 3477 479 3558 licroviugicis
492 3478 699 3559 scriptoribus
714 3496 774 3539 usu
789 3476 950 3538 simillimo
965 3475 1127 3538 adhibitae
1142 3477 1297 3537 rationem

130 3586 279 3648 habeam.

697 3765 721 3825 1.

170 3941 201 4025 a)
216 3941 334 4022 Optimi
348 3944 516 4022 scriptores
530 3943 769 4023 proximitatem
784 3961 865 4023 quae
885 3948 1005 4025 spectat
1019 3946 1060 4006 ad
1077 3945 1183 4007 locum
1197 3962 1297 4025 quen-

130 4051 205 4113 dam
230 4069 322 4130 saepe
345 4052 429 4131 apud
452 4052 579 4114 Latinos
607 4050 838 4131 praepositione
861 4051 901 4114 ad
928 4053 1195 4116 declaraverunt:
1223 4073 1298 4116 uam

129 4158 169 4221 aci
178 4158 293 4240 urbem,
310 4158 481 4240 aripertum
495 4161 651 4222 aeacidem
662 4160 1046 4242 valentacpropcurbcm,
1061 4179 1156 4242 prope
1162 4168 1297 4242 portaria

160 4447 195 4513 (l)
207 4448 245 4499 Da
255 4461 307 4514 quo
321 4448 355 4502 ct
368 4461 449 4516 supra
461 4447 655 4501 obseruationes
664 4446 795 4516 moesias,
810 4460 836 4513 p.
851 4448 888 4498 lt.
