3084 5067
754 303 913 362 ..76-

250 466 280 523 et
295 463 501 525 cumdioatur
517 480 524 523 ε
540 460 722 525 11111111
738 433 906 542 pbpoatom
925 468 977 540 est,
1003 462 1137 522 subaudi
1161 461 1195 522 io
1218 460 1280 521 loco
1302 476 1417 539 portem

249 568 388 632 distante.
415 571 526 631 Adsint
540 571 707 649 exempla:
733 568 780 631 Ad
798 569 937 630 flovium.
966 569 1125 641 (lamasci,
1152 569 1220 642 919,
1246 567 1294 626 19.
1313 564 1416 626 -Ad

248 677 361 738 urbem
376 695 448 737 cum
463 682 554 749 esset,
570 678 700 739 audivit.
718 677 780 738 Cic.
798 677 830 735 in
845 678 933 737 Verr.
949 679 979 751 1,
994 679 1024 737 8.
1041 710 1080 719 -
1101 676 1212 756 Pugna
1233 674 1352 735 navalis
1372 672 1418 733 11

250 783 420 844 Tenedum.
438 784 484 843 ld.
500 802 558 862 pro
572 785 650 844 Mur.
669 784 717 842 15.
740 818 780 827 -
795 783 897 843 Habes
912 783 1021 844 hortos
1044 781 1084 843 11
1108 781 1256 841 Tiberim.
1281 781 1327 840 Id.
1354 798 1417 858 pro

249 890 332 952 Goel.
351 892 399 950 15.
416 925 455 934 -
468 888 514 951 Ad
537 891 655 952 fontem
671 908 791 962 cervae,
818 909 891 951 cum
910 889 1049 962 bibisset,
1078 888 1201 949 restitit.
1228 887 1363 948 Phaedr.
1381 888 1414 959 1,

249 989 298 1064 19,
312 991 341 1049 3.
359 990 477 1051 Eodem
492 1008 587 1050 sensu
603 1007 610 1049 :
627 989 707 1061 Quid
726 989 806 1068 epod
821 990 917 1050 hasce
933 991 1019 1049 aedis
1033 987 1089 1048 tibi
1105 988 1211 1064 negoti
1226 988 1293 1047 est?
1308 985 1412 1046 Plaut.

247 1097 362 1175 Amph.
384 1097 453 1156 350.
475 1128 514 1140 -
536 1097 670 1157 Moriens
692 1095 774 1175 opud
798 1075 989 1157 Mantineam
1010 1093 1255 1174 Epaminondas,
1281 1094 1344 1153 Cio.
1371 1092 1416 1151 ad

247 1204 323 1264 tam.
341 1204 371 1275 ὅ,
389 1203 438 1275 19,
454 1204 482 1262 5.
505 1234 545 1248 -
564 1204 674 1264 Castra
697 1203 854 1264 habuerat
875 1202 955 1282 opud
972 1204 1071 1262 lssum
1093 1200 1279 1261 Alexander.
1302 1200 1348 1260 ld.
1372 1199 1416 1261 ad

247 1308 524 1391 11189131).

288 1416 402 1478 Sensus
418 1418 586 1478 discrimen
601 1435 664 1496 quo
679 1421 806 1478 notatur
818 1421 941 1478 tantum
965 1417 1182 1496 propinquitas
1206 1433 1271 1476 nou
1291 1415 1324 1475 11
1346 1413 1417 1494 ipso

250 1524 320 1587 loco
336 1526 440 1601 statio,
457 1543 620 1604 superesse
641 1524 741 1604 liquet
760 1526 794 1584 in
821 1524 976 1585 latinitate
997 1525 1212 1602 merovingiee
1234 1528 1302 1583 tum
1330 1523 1417 1603 apud

248 1637 358 1711 poetas
373 1633 578 1695 classicorum
593 1637 758 1694 auctorum
780 1630 965 1704 imitatores,
981 1635 1049 1692 tum
1063 1632 1158 1691 etiam
1173 1632 1206 1690 in
1220 1628 1417 1691 barbarioris

249 1743 342 1801 notae
353 1740 582 1801 instrumentis:
591 1741 747 1801 Dicitur...
756 1737 796 1800 11
808 1756 974 1799 commune
982 1738 1097 1799 fretum
1108 1741 1230 1817 satyros
1240 1738 1417 1816 vitreasque

249 1863 372 1907 sorores
400 1849 560 1907 consortes
592 1845 752 1906 celebrare
779 1844 905 1906 choros.
936 1845 1008 1904 Aus.
1035 1843 1084 1905 18.
1110 1846 1185 1904 llos.
1212 1844 1280 1904 178.
1307 1876 1346 1887 -—
1370 1842 1418 1903 Ad

248 1952 381 2018 Boream
401 1971 535 2032 pugnas,
561 1957 591 2014 et
613 1951 796 2014 formidaris
820 1953 861 2013 ad
882 1953 1040 2012 Austrum.
1065 1952 1173 2014 Sidon.
1200 1969 1298 2013 carm.
1325 1951 1355 2023 9,
1383 1972 1414 2030 p.

248 2060 317 2121 996.
336 2094 374 2105 -
389 2061 541 2139 Coeperat
551 2059 590 2121 11
600 2062 687 2137 rupis
697 2060 845 2132 medium,
863 2076 945 2136 quae
958 2060 1096 2118 maxima
1110 2059 1205 2118 turba
1218 2064 1275 2131 est,
1291 2060 1416 2118 interno

248 2166 389 2246 squalere
405 2167 488 2245 gelu.
505 2167 551 2228 Id.
568 2165 610 2226 ib.
635 2167 664 2240 5,
689 2186 718 2244 p.
743 2166 814 2226 395.
839 2200 879 2210 -
902 2162 948 2225 Aa
973 2167 1130 2241 gremium
1153 2167 1236 2227 sacri
1263 2167 1413 2238 nemoris,

248 2273 333 2351 quod
349 2274 428 2334 silva
442 2277 584 2347 coronat,
600 2273 669 2334 fons
689 2276 796 2334 scatet.
814 2272 858 2333 (11.
884 2273 961 2332 1111.
988 2273 1020 2331 in
1035 2272 1111 2332 Gen.
1144 2273 1173 2344 1,
1189 2291 1221 2351 p.
1238 2274 1306 2346 913,
1325 2274 1360 2332 D.
1376 2303 1416 2318 ο-

249 2379 327 2442 Cum
342 2381 424 2458 prati
437 2381 574 2442 mediate
588 2379 628 2440 11
642 2382 744 2458 ipsum
767 2379 986 2440 Ruivilionem.
1005 2379 1113 2440 TBert.
1129 2381 1199 2451 969,
1226 2380 1255 2439 9.
1272 2377 1415 2439 -8111-

247 2493 294 2550 tes
309 2486 349 2548 11
363 2491 496 2566 portam.
515 2487 607 2566 Greg.
626 2487 699 2548 Tur.
722 2486 784 2546 HF.
807 2489 835 2558 7,
851 2487 901 2546 38.
929 2518 968 2532 -
990 2484 1036 2547 Ad
1058 2487 1267 2547 meridianam
1286 2486 1416 2565 plagam

248 2593 436 2655 habitabant
450 2594 595 2656 Romani.
613 2592 657 2653 ld.
675 2593 717 2653 ib.
735 2593 764 2667 9,
782 2594 811 2654 9.
833 2627 872 2636 -
893 2590 940 2653 Ad
963 2593 1059 2671 pedes
1086 2594 1236 2653 antedicti
1260 2597 1415 2672 martyres

242 2705 296 2762 est
310 2700 461 2779 sepultus.
478 2701 524 2760 ld.
540 2701 583 2762 ib.
601 2701 631 2769 9,
647 2701 695 2760 11.
714 2731 750 2745 -
765 2701 866 2761 Aures
880 2716 968 2760 meae
983 2699 1023 2762 11
1038 2718 1072 2759 os
1085 2704 1175 2760 tuum
1189 2705 1289 2760 erent.
1307 2699 1354 2761 ld.
1370 2699 1413 2759 ib.

248 2805 593 2880 9,1.-8111111111
614 2812 645 2867 et
668 2806 707 2868 11
731 2808 880 2867 Levidam
903 2808 1063 2868 civitatem
1086 2824 1186 2886 aquae
1210 2806 1342 2867 calidae.
1367 2807 1413 2867 Id.

248 2915 312 2978 eu.
332 2916 380 2976 17,
397 2946 436 2959 -
450 2915 612 2987 Columna,
629 2913 668 2975 11
681 2931 779 2992 quam
793 2913 1031 2975 verberetusest
1041 2914 1202 2973 Dominus.
1218 2913 1261 2974 ld.
1279 2912 1321 2972 ib.
1338 2914 1417 2972 6.-

249 3023 362 3099 Magna
376 3026 422 3082 est
435 3023 519 3084 enim
533 3021 632 3082 virtus
651 3020 690 3081 11
709 3021 945 3081 antedictorum
967 3024 1143 3100 martyrum
1165 3020 1344 3099 sepulchra.
1365 3019 1413 3080 ld.

247 3129 289 3189 ib.
304 3131 352 3190 75.
368 3162 409 3176 -
423 3132 465 3190 De
480 3147 593 3207 sopore
613 3128 851 3207 expergefactus
871 3129 1045 3206 interrogat
1068 3127 1108 3190 11
1135 3134 1229 3207 ceput
1252 3130 1319 3189 eius
1343 3128 1415 3207 quis

247 3237 330 3298 fuit?
344 3238 472 3297 Fortun.
489 3235 641 3298 VSGerm.
658 3236 707 3297 61.
724 3269 763 3282 -
784 3233 832 3295 Ao
846 3236 1027 3315 sepulcrum
1050 3236 1129 3297 illud
1150 3241 1292 3297 sanctum
1314 3236 1416 3296 mirae

246 3345 378 3405 virtutes
389 3361 428 3404 ex
441 3345 510 3422 ipsa
522 3343 609 3403 die...
622 3344 840 3405 ostenduntur.
858 3344 988 3422 Fredeg.
1006 3343 1056 3402 99.
1071 3344 1188 3404 -Nec
1203 3344 1283 3403 inter
1298 3347 1414 3416 sentes,

249 3455 305 3512 aut
318 3450 358 3511 11
371 3451 500 3512 arbores
515 3452 663 3524 sacrivos,
679 3450 728 3511 vel
747 3449 787 3511 11
806 3450 907 3511 fontes
931 3455 1005 3512 vota
1024 3449 1182 3511 euoluere.
1209 3449 1293 3512 ele.
1324 3467 1414 3513 cone.

250 3559 516 3630 Autisiodorense‚
533 3575 562 3618 1.
578 3559 649 3633 578,
666 3575 736 3619 111.
752 3559 782 3633 3,
798 3576 830 3636 p.
847 3558 917 3618 369.
943 3590 984 3605 -
1007 3558 1116 3620 Positu
1142 3564 1189 3619 est
1213 3557 1253 3619 11
1278 3563 1412 3619 sanctos.

251 3663 323 3725 lGG.
339 3666 389 3739 11,
407 3665 504 3744 Lyon.
521 3700 561 3709 -
575 3663 625 3725 Ad
638 3683 722 3725 nunc
737 3665 931 3727 marturibus
944 3666 1049 3726 sedem
1064 3664 1275 3725 tribuentibus
1293 3669 1412 3743 aptam.

250 3771 739 3844 11.119,111111.-011111
763 3771 954 3832 hominebus
976 3772 1033 3831 fuit
1055 3771 1095 3833 11
1120 3775 1226 3850 portas
1249 3771 1415 3850 peradesi‘l

249 3878 311 3940 loo.
329 3881 411 3939 Mon.
429 3879 459 3939 8.
477 3914 516 3923 -
530 3880 686 3959 Pauperes
701 3878 755 3959 qui
775 3880 815 3941 11
838 3881 907 3959 ipsa
932 3880 1002 3941 loea
1026 3883 1208 3940 senatorum
1229 3876 1417 3942 ,alimoniam

251 3986 851 4065 111111119111.9119116611.
873 3987 922 4061 97,
942 3986 989 4047 18.
1019 4020 1057 4032 -
1079 3982 1126 4047 11
1148 3987 1218 4064 ipsa
1241 4002 1333 4047 cruce
1357 3985 1416 4050 visi

252 4092 380 4153 fuerunt
394 4094 526 4153 stetisse.
543 4094 648 4155 Form.
671 4095 726 4156 SB.
745 4096 795 4166 13,
811 4113 842 4172 p.
864 4094 933 4168 933,
951 4094 982 4154 8.
997 4127 1036 4136 -
1052 4092 1167 4153 Taliter
1183 4091 1210 4153 ei
1224 4093 1282 4156 fuit
1296 4090 1415 4154 iudica·

251 4202 355 4259 tum...
372 4205 408 4261 ut
421 4200 461 4262 od
475 4218 601 4262 erucem
617 4202 658 4261 11
672 4202 823 4263 iudicium
842 4203 897 4261 Dei
910 4219 968 4279 pro
987 4202 1059 4279 ipsa
1070 4205 1157 4260 terra
1170 4200 1203 4260 in
1217 4200 1319 4260 noctis
1340 4198 1416 4260 Xbll

1309 4340 1414 4355 “

284 4440 318 4502 (1)
333 4439 372 4492 Gt.
386 4441 511 4504 Draeger‚
525 4440 589 4490 litat.
601 4440 686 4504 synt,
699 4448 717 4491 t.
729 4440 749 4502 1,
765 4453 809 4504 pp.
824 4440 878 4501 577,
893 4441 946 4490 tal.
