3084 5067
627 385 679 418 ·-
702 355 759 435 ire
780 410 819 420 -

144 529 147 540 ¹
214 531 547 622 bldpudllerorlrlgi'eos
531 573 622 590 .........
622 551 626 558 ·
699 570 811 588 ...........
811 551 813 556 Χ
1190 567 1238 583 .....
1259 531 1318 581 'lo

139 627 143 642 ¹
212 625 508 696 pertemptatam
510 662 558 679 .....
668 661 727 676 ......
727 611 731 616 ’
1180 656 1238 673 ......
1234 605 1318 672 ib.

133 785 136 792 ι
208 717 212 722 ’
250 709 285 768 2·
289 703 439 781 hempla
438 703 580 767 volunta'tle
589 699 811 780 significationem
827 709 979 763 denotantia
981 746 1239 763 .........................
1283 707 1318 759 ib

146 789 171 820 ‘³
210 805 248 871 a)
253 808 407 857 decuriones
419 806 605 912 concipiantur
615 804 725 867 positae
727 801 765 852 ud
775 804 873 884 tactae·
885 800 1028 896 eduteems
1034 797 1070 878 ud
1077 799 1192 863 partem,
1205 798 1242 849 ad

219 889 1150 947 tanaceta
1152 923 1243 940 .........
1290 885 1319 937 ‘ll

131 981 162 1006 -“
212 962 908 1062 a)neneuveterigaliae........'.:...;...''.
913 1014 1066 1030 ..............
1132 1013 1190 1029 ......
1191 1041 1193 1050 ‚
1194 1014 1242 1029 .....
1292 978 1321 1028 ia

139 1165 158 1178 ’ν
241 1172 246 1182 ·
313 1173 319 1182 ·
385 1171 399 1179 ··
423 1149 440 1176 ι·
480 1159 519 1170 »ι
570 1137 608 1178 ¹„
637 1147 640 1158 ¹
671 1147 725 1172 ιν.
754 1139 963 1172 ιι»ν«.;)’,ι-.ιύι
993 1141 1037 1170 a

501 1217 1038 1283 ιι·Ρ)))9.)οε))ῑ)ιῡ)).
1095 1233 1099 1258 2

167 1319 172 1424 ζ
213 1353 216 1360 ’
306 1351 310 1360 ·
327 1353 332 1358 ·
411 1351 414 1356 ·
430 1343 1098 1418 proximitas'pe'r'poe'itlonem'notrum·J·'
1110 1343 1119 1420 j
1137 1343 1140 1348 ·
1166 1327 1171 1420 ἰ
1215 1325 1218 1336 ’
1252 1415 1255 1422 Α

664 1502 800 1554 merri.

155 1636 186 1673 DE
197 1635 394 1673 enmosmonn
405 1634 442 1672 ΑΒ
454 1634 543 1672 nocem
553 1634 583 1671 ΕΤ
594 1632 736 1670 umnam
745 1630 858 1669 mvsa
868 1629 980 1667 novrum
990 1628 1097 1666 NO'HONR
1100 1648 1244 1667 ··············
1293 1616 1324 1665 75

179 1756 199 1807 1.
214 1757 243 1822 a)
256 1755 298 1806 Ad
312 1755 430 1807 declarat
443 1754 495 1805 loci
508 1753 668 1805 vicinitatem
673 1786 816 1805 ..............
822 1792 826 1800 .
829 1783 1242 1804 ........................................
1287 1747 1324 1799 ib.

259 1844 377 1909 Obseru.)
391 1843 432 1894 Ad
442 1857 491 1908 pro
504 1845 568 1893 ante
582 1843 608 1892 in
622 1842 713 1907 lingua
726 1841 837 1891 iuridica
843 1873 1246 1893 .......................................
1293 1838 1323 1887 'll

216 1934 244 1999 b)
258 1935 295 1985 De
309 1933 545 1999 praepositionibus
563 1931 599 1982 ad
613 1936 638 1982 et
650 1930 723 1996 apud
736 1931 824 1981 locum
838 1931 865 1979 in
879 1942 931 1993 quo
946 1929 1024 1979 situm
1041 1933 1081 1978 est
1094 1927 1135 1977 vel
1152 1926 1182 1977 fit
1200 1927 1248 1977 ali-

254 2024 315 2087 quid
330 2023 493 2087 signantibus
496 2050 1245 2075 .......................................................................
1289 2017 1324 2070 ib.

256 2113 376 2178 ObserV.)
387 2113 528 2163 Formulae
539 2113 634 2162 servm
645 2111 691 2170 ad,
706 2110 834 2161 decermre
848 2109 885 2159 ad
887 2142 1247 2160 ...................................
1296 2107 1324 2155 91

164 2204 196 2255 ll.
252 2204 406 2254 Locutiones
418 2201 603 2253 adverbialiter
614 2201 714 2264 positae
717 2232 1244 2253 ...................................................
1288 2195 1326 2247 id.

216 2292 242 2357 a)
256 2291 298 2342 Ad
308 2307 389 2357 prope
392 2322 1246 2343 ..................................................................................
1289 2285 1325 2340 ib.

215 2382 242 2447 b)
258 2383 285 2430 1⁰
297 2381 339 2432 Ad
353 2383 450 2431 terram
453 2410 1247 2433 ............................................................................
1295 2377 1325 2426 82

258 2474 284 2521 2⁰
298 2470 375 2521 Facie
389 2470 425 2521 ad
439 2470 535 2534 sociem
541 2501 1246 2523 ....................................................................
1288 2465 1325 2519 ib.

258 2561 285 2610 9ο
298 2559 340 2610 Aet
351 2559 437 2624 pedes,
453 2558 490 2609 ad
501 2573 597 2625 genua,
609 2558 645 2608 ad
659 2557 748 2609 dentes
750 2590 1248 2610 ................................................
1295 2557 1325 2606 89
1348 2606 1351 2611 ,

154 2649 196 2700 lll.
212 2649 238 2713 a)
252 2649 289 2699 De
302 2648 494 2712 praepositione
507 2645 544 2697 ad
557 2648 715 2711 temporales
727 2647 868 2697 relationes
882 2647 1014 2696 indicante
1015 2678 1244 2697 ......................
1295 2645 1325 2693 84

218 2738 245 2802 1))
261 2737 421 2801 Praepositio
435 2735 472 2786 ad
486 2742 588 2787 certum
602 2736 726 2800 temporis
740 2742 868 2801 punctum
882 2735 988 2786 exclusa
1003 2734 1246 2785 movendinotione

262 2828 380 2880 declarat
387 2858 1247 2880 ..................................................................................
1294 2824 1324 2874 85

154 2917 195 2969 lv.
255 2917 409 2967 Locutiones
424 2914 608 2966 adverbialiter
621 2915 722 2979 positae
729 2947 1245 2967 ..................................................
1294 2913 1323 2963 97

217 3004 243 3070 a)
257 3004 299 3055 Ad
311 3007 419 3069 tempos,
433 3004 470 3054 ad
482 3018 612 3068 praesens,
625 3003 662 3054 ad
672 3002 765 3054 lteram
765 3034 1245 3056 ..............................................
1287 3001 1323 3053 ib.

216 3094 243 3158 h)
257 3093 299 3144 Ad
312 3094 445 3152 ultimum,
459 3092 496 3144 ad
505 3095 675 3158 postremum,
691 3093 728 3144 ad
738 3096 884 3144 extremum
887 3126 1247 3147 ...................................
1295 3092 1324 3140 99

219 3183 244 3248 ο)
258 3182 299 3233 Ad
309 3183 449 3249 integrum,
461 3182 498 3232 ad
507 3181 617 3247 plenum
619 3216 1244 3236 ............................................................
1288 3179 1323 3231 id.

657 3352 759 3404 CAPVT
775 3352 806 3402 ll.

241 3484 272 3520 or
289 3482 483 3521 raaneosmour
498 3483 535 3521 aa
553 3482 746 3521 corunvrurmu
761 3483 792 3518 nr
809 3481 988 3520 concreatura
1001 3479 1078 3516 arro
1095 3479 1184 3517 uoovu
1199 3480 1247 3515 vua

570 3582 761 3619 meravnmrvu
780 3580 901 3617 aremare
908 3599 1246 3619 .................................
1295 3567 1325 3615 99

217 3712 254 3762 De
265 3711 501 3776 praepositionibus
510 3711 546 3763 ad
558 3718 584 3763 et
597 3710 670 3777 apud
684 3742 1242 3764 ......................................................
1286 3708 1322 3759 io.

178 3801 198 3850 l.
213 3799 255 3850 Ad
268 3802 468 3865 congruentiam
480 3806 556 3852 notat
570 3815 638 3866 quae
651 3802 771 3866 provenit
783 3814 814 3853 ex
825 3801 931 3851 notione
942 3800 1068 3862 temporis
1072 3834 1245 3852 .................
1294 3799 1324 3848 93

216 3888 241 3954 a)
251 3890 334 3940 'Notio
346 3892 532 3955 congruentiae
546 3891 655 3955 simplex
664 3891 784 3956 signatur
785 3926 926 3943 ..............
930 3930 933 3935 .
939 3924 1244 3941 ..............................
1293 3887 1323 3937 94

216 3976 243 4042 b)
258 3977 447 4042 congruentiae
460 3979 560 4030 accedit
570 3980 696 4031 momenti
712 3980 784 4030 notio
788 4014 1244 4031 ............................................
1285 3975 1322 4027 ib.

218 4065 241 4129 o)
257 4064 299 4115 Ad
313 4080 369 4117 rem
384 4074 474 4131 aperte
485 4069 602 4120 declarat
613 4083 659 4133 per
676 4082 755 4133 quam
770 4067 800 4118 fit
812 4069 897 4119 altera
899 4100 1248 4120 ..................................
1286 4065 1321 4117 it.

252 4156 680 4223 Exemplaellerovingicisducta
682 4191 1244 4211 .......................................................
1293 4158 1323 4206 99

167 4244 198 4294 ll.
211 4245 237 4307 a)
254 4246 292 4296 De
305 4247 496 4311 praepositione
506 4247 578 4311 apud
591 4248 649 4310 (ad)
661 4262 710 4311 pro
723 4262 783 4297 cum
798 4250 892 4312 posita,
914 4247 1175 4309 coniunctionemque
1189 4258 1246 4310 per-

278 4348 405 4385 sonarum
420 4341 466 4387 aut
476 4349 565 4386 rerum
579 4338 698 4402 signante
707 4370 1243 4391 ....................................................
1293 4335 1323 4384 97

216 4422 242 4487 b)
257 4423 294 4474 De
304 4438 354 4474 usu
370 4426 592 4489 praepositionum
605 4427 648 4488 ad,
664 4427 706 4488 cd,
718 4429 779 4488 ομ)
793 4427 957 4486 insermone
971 4427 1064 4491 gallico
1079 4425 1161 4478 veteri
1163 4460 1242 4480 ........
1291 4425 1321 4473 98

216 4511 240 4574 ⁶)
253 4511 290 4566 De
302 4513 376 4566 modi
389 4513 618 4578 rusticanorum
631 4516 1004 4582 dguuedonei.2.a.aa„......›‚
1004 4545 1245 4572 ...................
1291 4514 1322 4566 ao
