3084 5067
741 317 879 378 -g-
953 353 955 362 ,

229 480 334 542 studia
347 497 443 562 quarn
459 478 500 542 ad
514 478 738 559 grammaticas
753 482 836 539 artes
850 481 985 540 tractata
997 495 1004 538 :
1018 478 1122 542 sinon
1136 478 1292 556 integram
1302 493 1388 554 ergo,

229 605 300 650 eam
314 588 415 649 obiter
429 586 541 647 saltem
556 586 718 663 adtingam
734 589 764 646 et
779 589 933 663 quatenus
949 601 1020 654 cum
1040 584 1201 664 proposito
1220 599 1391 661 congruere

229 695 441 766 duxerimus
453 692 658 774 imperfectae
673 690 854 772 disputandi
869 691 1000 753 rationis
1013 707 1085 751 reus
1096 708 1184 769 agar.

268 799 470 877 adgredienti
483 803 590 860 autem
616 798 801 877 partitiones
824 797 928 859 facere
950 814 1015 858 non
1037 797 1172 859 nimium
1195 794 1390 867 articulosas,

229 909 347 987 scripte
360 923 440 986 quae
454 906 496 967 ad
510 909 647 969 aetatem
658 905 904 982 merovingicam
919 904 1061 965 adtinent
1075 904 1157 964 intra
1176 902 1254 966 duas
1273 903 1391 982 praeci·

229 1032 291 1095 pue
311 1013 425 1077 classes
447 1013 592 1091 bipertiri
615 1030 706 1091 posse
719 1012 886 1072 videntur:
910 1028 1044 1090 quarum
1064 1009 1202 1073 includet
1216 1011 1303 1090 prior
1325 1015 1392 1071 turn

229 1122 409 1183 notissimos
433 1125 576 1182 auctores
598 1118 782 1197 Gregorium
805 1118 1028 1191 Turonensem,
1044 1117 1233 1180 venantium
1245 1119 1394 1180 Fortuna·

229 1233 309 1306 tum,
333 1227 569 1304 Fredegarium,
584 1230 652 1286 tum
676 1225 762 1287 Vitas
790 1225 976 1287 Sanctorum
1002 1243 1022 1285 a
1044 1225 1139 1286 variis
1162 1224 1343 1286 auctoribus
1362 1230 1394 1285 et

229 1318 387 1417 plerisque
402 1335 568 1415 anonymis
586 1333 729 1411 scriptas,
746 1334 845 1393 immo
864 1331 1074 1394 Gonciliorum
1096 1332 1286 1396 Gallicorum
1300 1351 1393 1397 cauo·

229 1460 285 1508 nes
298 1447 330 1504 et
343 1460 441 1523 prope
456 1442 564 1504 omnia
577 1457 658 1521 quae
673 1443 817 1519 spectant
828 1439 928 1503 adres
938 1439 1162 1520 ecolesmsticas
1174 1442 1393 1518 instrumenta,

230 1554 340 1632 utpote
355 1566 436 1628 quae
450 1549 510 1610 nisi
524 1549 678 1611 sincerum
696 1552 726 1610 et
740 1527 898 1625 integrum
918 1547 1083 1608 latinitatis
1101 1547 1223 1622 tlorem,
1239 1548 1395 1627 politioris

230 1663 337 1719 tamen
350 1655 527 1730 locutionis,
541 1655 706 1733 ingruente
730 1657 762 1714 et
781 1652 893 1714 diffusa
916 1653 1052 1732 undique
1072 1654 1230 1729 barbaria,
1247 1654 1394 1716 umbram

230 1765 397 1826 retineant.
423 1763 518 1841 Atqui
543 1761 593 1822 his
622 1760 835 1840 proponendis
858 1760 1036 1822 auctoribus
1064 1761 1209 1824 discretio
1237 1762 1394 1840 quaedam

230 1868 374 1932 adhiberi
387 1868 496 1948 possit,
513 1884 585 1930 cum
601 1868 676 1927 satis
689 1868 770 1928 inter
784 1884 817 1926 se
832 1867 1018 1947 discrepent,
1035 1885 1107 1931 cum
1119 1868 1287 1946 Gregorius
1299 1870 1395 1930 Turo-

231 1974 347 2046 nensis,
363 1991 403 2035 ne
425 1973 505 2036 alios
519 1973 694 2051 adtingam,
711 1972 775 2032 stili
799 1973 931 2049 agrestis
953 1991 990 2036 ac
1010 1974 1176 2038 subrustici
1188 1975 1248 2035 sibi
1267 1977 1308 2036 sit
1330 1977 1395 2056 ipse

230 2099 295 2142 non
318 2080 416 2141 semel
438 2079 590 2158 conscius,
623 2079 820 2157 fateaturque
853 2081 934 2140 inter
962 2086 1065 2146 cetera
1089 2081 1238 2161 loquendi
1266 2084 1343 2144 vitia
1363 2100 1396 2144 se

232 2210 247 2244 «
260 2187 508 2268 praepositiones
520 2186 590 2247 loco
606 2185 712 2247 debito
727 2185 913 2265 plerumque
927 2205 990 2248 non
1001 2187 1105 2250 locare
1116 2188 1158 2268 (1)
1173 2213 1202 2267 »,
1213 2196 1244 2250 et
1255 2191 1307 2253 rix
1316 2191 1396 2269 epis·

229 2311 326 2374 copus
341 2274 443 2353 'rudis
471 2310 542 2354 oum
572 2293 697 2371 aequali
733 2293 867 2354 conferri
890 2293 1003 2355 debeat
1028 2295 1181 2359 venantio
1211 2299 1396 2369 Fortunato,

232 2400 308 2462 italo
323 2400 450 2479 quidem
463 2416 576 2479 genere
588 2402 618 2459 et
628 2399 731 2460 aulico
741 2400 885 2478 inprimis
896 2406 1000 2480 poeta,
1011 2403 1064 2482 qui
1075 2403 1268 2466 sententiolis
1279 2405 1398 2482 argutis

233 2506 326 2568 tiores
344 2524 383 2567 ex
406 2506 504 2567 latino
528 2524 612 2585 penu
633 2507 835 2586 depromptos
859 2507 1024 2569 adnectere
1048 2510 1160 2571 saltem
1185 2514 1226 2586 et,
1242 2512 1398 2590 irrepente

232 2631 314 2674 nova
330 2613 530 2675 construendi
548 2613 681 2689 ratione,
697 2612 794 2673 verba
818 2630 941 2692 semper
960 2615 1002 2677 ad
1026 2615 1216 2694 elegantiam
1239 2617 1398 2696 legitimae

231 2720 353 2798 periodi
366 2721 508 2797 redigere
522 2721 620 2780 nimia
632 2719 806 2780 subtilitate
818 2724 864 2780 est
875 2721 986 2782 enixus
996 2720 1049 2802 (i).
1062 2722 1123 2783 Sed
1134 2729 1267 2804 pereunt
1281 2725 1398 2803 partim

262 3023 297 3090 (t)
311 3043 324 3070 e
339 3025 388 3076 Sed
402 3024 491 3086 timeo,
503 3037 544 3085 ne,
556 3037 617 3075 curn
627 3024 741 3074 scribere
751 3037 870 3089 coepero,
885 3027 946 3090 quia
961 3039 1020 3077 sum
1031 3028 1086 3080 siue
1109 3030 1202 3082 litteris
1215 3033 1353 3084 rethoricis
1374 3039 1400 3085 et

232 3113 484 3180 arugrammstica,
500 3113 654 3176 dicaturque
669 3113 734 3163 mihi
756 3127 773 3163 a
794 3114 930 3165 litteratis:
946 3136 959 3161 «
979 3117 999 3167 0
1018 3119 1115 3170 rustice
1137 3125 1163 3171 et
1183 3120 1272 3182 idiota,
1287 3127 1318 3173 ut
1339 3122 1400 3186 quid

231 3216 328 3255 nomen
342 3209 418 3254 tunm
430 3203 500 3253 inter
514 3202 654 3265 scriptores
664 3201 718 3252 indi
731 3203 874 3253 assumas?
888 3204 922 3255 Ut
933 3218 999 3269 opus
1012 3207 1063 3258 hoo
1076 3220 1093 3257 e
1106 3209 1195 3272 peritis
1210 3210 1293 3275 accipi
1311 3217 1399 3274 putas,

232 3293 275 3343 cui
287 3292 420 3357 ingenium
434 3290 499 3342 artis
516 3302 569 3340 non
590 3290 746 3354 subpeditat,
760 3303 808 3342 nec
829 3292 883 3343 ulla
904 3294 1051 3346 litterarum
1073 3297 1180 3348 scientia
1203 3299 1401 3351 subministrati

234 3381 284 3441 Qui
296 3381 399 3434 nudum
410 3385 598 3445 argumentum
610 3379 673 3430 utile
683 3379 821 3431 in'littaris
833 3382 923 3444 habes,
939 3384 984 3447 qui
1004 3386 1113 3436 nomina
1134 3387 1282 3438 discernere
1302 3388 1401 3449 nescis;

234 3472 336 3535 saepius
350 3482 398 3534 pro
409 3468 561 3520 masculinis
576 3467 698 3530 leminea,
712 3482 760 3533 pro
775 3469 892 3521 femineis
912 3479 1005 3524 neutra
1028 3479 1054 3525 et
1073 3487 1122 3538 pro
1143 3482 1238 3527 neutra
1255 3477 1402 3527 masculina

233 3565 386 3620 conmutas;
402 3558 446 3621 qui
459 3558 531 3621 ipsas
552 3569 656 3621 quoque
673 3559 889 3622 praepositiones,
905 3573 971 3624 quas
991 3562 1117 3613 uobssium
1131 3564 1289 3616 dirutorum
1313 3566 1402 3616 obsor-

232 3649 291 3701 vari
305 3648 390 3700 sanxit
404 3646 557 3706 auctoritas,
572 3645 630 3696 loco
642 3646 729 3697 debito
743 3647 898 3713 plerumque
909 3662 962 3699 uon
976 3650 1057 3701 locas.
1072 3652 1140 3702 Nam
1158 3653 1279 3704 ablativis
1293 3667 1402 3705 accusa-

231 3737 286 3789 tiva
306 3742 333 3787 et
352 3748 460 3786 rursum
481 3734 637 3785 accusativis
661 3735 778 3786 abnues
797 3738 971 3801 praeponis.»
988 3737 1090 3802 (Gloria
1107 3741 1297 3805 confessorum,
1322 3744 1401 3807 prol.)

233 3826 303 3877 Alias
326 3825 413 3875 idem:
434 3842 446 3868 «
469 3823 580 3882 Vereor,
595 3836 628 3873 ne
651 3824 760 3876 nimium
786 3828 909 3890 progredi
930 3840 1110 3891 praesumens,
1129 3830 1256 3881 obsoletat
1277 3833 1401 3897 peginam

231 3927 319 3965 sermo
335 3912 464 3963 rustitim.
477 3930 490 3959 s
504 3911 550 3977 (De
568 3910 716 3963 Virtutibus
726 3912 753 3964 S.
770 3913 889 3973 Martini,
901 3917 926 3976 2,
941 3916 976 3978 3.)
986 3914 1023 3967 ff.
1042 3916 1148 3982 insuper
1164 3918 1303 3984 prologum
1316 3921 1402 3970 Histo-

234 4003 291 4053 riae
307 4001 477 4052 Francorum.
988 4002 997 4020 ·

263 4092 298 4157 (2)
311 4090 455 4144 venantius
468 4090 629 4144 Fortunatus
644 4103 672 4141 se
683 4090 828 4154 aliquando
842 4098 957 4154 moueat,
971 4094 1041 4156 quod
1057 4094 1144 4145 subis
1161 4095 1283 4147 bernaus
1300 4101 1401 4150 utatur.

236 4199 248 4226 o
263 4180 310 4231 Dis
323 4192 376 4230 uno
389 4190 440 4243 qno
452 4191 480 4229 se
494 4178 608 4229 ornabat
621 4176 681 4230 felir
699 4179 800 4244 regina,
813 4180 957 4244 composito
970 4194 1092 4235 sermone
1114 4189 1144 4234 nt
1162 4184 1257 4248 loquar
1275 4185 1401 4248 bmbaro,

237 4268 393 4333 stapionem,
408 4267 531 4329 camisas,
547 4267 675 4329 manicas,
695 4267 793 4329 cofeas,
815 4267 919 4330 fibulas,
940 4276 1035 4322 cuncta
1054 4284 1129 4332 auro,
1143 4273 1273 4335 quaedam
1292 4273 1402 4338 gemmis

234 4363 370 4420 exornata,
385 4369 433 4421 per
445 4356 573 4410 eusdem
589 4356 638 4407 sibi
646 4355 796 4420 protutura,
811 4364 905 4410 sancto
920 4360 1001 4411 tradit
1016 4360 1102 4412 attan.
1116 4381 1128 4406 o
1140 4361 1212 4423 (Vtro
1226 4362 1252 4415 S.
1265 4361 1401 4429 leodegun-

234 4447 284 4508 dis,
298 4460 356 4512 cap.
370 4446 419 4509 te.)
