3084 5067
643 343 801 403 49..

138 504 281 567 mauritio
296 504 380 566 taeta
402 505 443 566 sit
458 524 466 567 :
482 506 660 585 Properant
670 504 710 567 od
732 505 929 584 alligandum
952 521 1035 567 eum.
1052 505 1305 583 Greg.Tur.Vld.

138 612 168 687 1,
184 612 235 675 17.
249 643 290 659 -
303 610 350 673 Ad
364 612 568 675 ambiendum
578 614 748 675 sacerdotis
764 614 898 692 gradum
908 613 1024 674 audeat
1031 614 1205 693 adspirare.
1219 612 1304 677 cte.

137 736 227 782 eane.
257 720 464 800 lugdunense
489 723 519 795 1,
548 740 577 782 1.
608 721 677 794 517,
706 738 777 785 can.
794 722 823 797 5,
844 739 877 799 p.
891 720 963 783 203.
977 753 1015 765 -
1032 721 1252 800 Praecepimus
1272 725 1307 782 ut

135 825 242 887 nullus
255 826 295 889 od
308 826 546 906 subripiendum
562 830 594 888 in
615 829 720 907 aliquo
736 830 911 889 conaretur.
928 828 1028 906 Gapit.
1041 828 1079 887 11.
1096 828 1124 902 1,
1134 845 1165 889 a.
1181 827 1304 900 507-11,

134 952 167 1014 p.
184 934 215 1007 1,
230 934 280 994 11.
295 966 336 981 -
345 933 392 997 Ao
406 952 477 996 eam
490 935 734 1012 infrangendam
756 939 912 1013 temptare
926 935 1181 1014 praesumpserit.
1198 936 1304 997 Form.

134 1038 243 1128 8117,
261 1059 293 1120 p.
322 1042 575 1115 111,1.-Η11
602 1041 642 1104 od
668 1042 895 1121 perficiendum
926 1042 1111 1120 quantocius
1139 1042 1303 1103 inchoetis.

135 1151 238 1230 Capit.
255 1151 319 1214 KG.
334 1169 364 1214 a.
381 1151 449 1226 853,
462 1170 494 1230 p.
511 1150 940 1224 1111111111711111111
950 1150 1185 1211 videturminus
1195 1147 1305 1210 finales

132 1257 187 1319 hic
212 1276 321 1319 sensus
347 1258 501 1321 declarari
528 1276 624 1338 quem
647 1260 729 1319 inter
757 1259 911 1337 gerundia
937 1257 1122 1318 relationem
1152 1261 1183 1317 et
1209 1255 1306 1317 verba

135 1363 290 1445 incohare,
306 1371 433 1440 tentare,
447 1365 618 1446 adspirare,
637 1370 697 1430 etc.
714 1366 801 1427 Adde
815 1364 926 1426 iisdem
952 1365 1030 1425 locis
1044 1361 1232 1443 gerundium
1247 1376 1305 1441 pro

135 1470 259 1549 vulgari
270 1471 425 1533 infinitivo
440 1473 528 1551 poni.

174 1578 305 1639 Multum
318 1583 426 1640 tamen
440 1579 539 1655 abest,
564 1579 675 1652 fateor,
691 1580 767 1659 quin
791 1578 979 1641 documenta
1000 1579 1070 1639 aeri
1099 1578 1305 1657 merovingici

133 1683 184 1745 vel
198 1685 370 1746 deterrima
379 1687 535 1765 integram
546 1687 694 1749 cotidiani
708 1687 862 1750 sermonis
871 1686 1155 1765 figuramreferant
1171 1703 1178 1746 :
1194 1686 1228 1745 in
1242 1701 1304 1764 quo

133 1792 287 1870 suspicari
300 1791 373 1854 licet
392 1794 457 1855 iam
484 1793 736 1873 frequentissime
762 1794 803 1855 ad
830 1798 937 1873 partes
964 1792 1096 1871 copulae
1120 1792 1304 1870 deputatam

133 1898 400 1975 praepositionem
414 1900 497 1961 inter
511 1900 608 1962 verba
620 1901 746 1961 initium
760 1900 876 1978 agendi
890 1899 1049 1978 signantia
1063 1902 1094 1961 et
1108 1914 1303 1978 consequen-

133 2005 198 2063 tem
212 2003 415 2066 infinitivum.
431 2005 516 2068 Adeo
530 2010 566 2067 ut
578 2006 675 2068 fidem
686 2024 749 2067 non
774 2010 971 2085 exsuperent,
989 2006 1132 2085 quamvis
1159 2005 1305 2084 exempla

132 2108 290 2186 deficiant,
313 2112 375 2175 hae
403 2113 548 2192 vulgares
575 2113 758 2190 locutiones,
780 2115 888 2194 siquis
912 2131 965 2175 eas
993 2114 1114 2176 coicere
1141 2110 1302 2175 voluerit:

130 2218 231 2299 caepit
256 2218 306 2301 od,
335 2219 506 2301 incipitod,
531 2222 702 2284 eomiuitiot
726 2220 777 2296 od,
802 2219 1013 2301 preteoeitod
1031 2219 1143 2299 fucere,
1160 2219 1303 2297 aliaeque

132 2326 273 2389 eiusdem
287 2328 386 2390 modi.
409 2327 578 2391 lllasenim
593 2330 634 2390 ad
653 2328 891 2390 similitudinem
906 2327 1136 2407 repraesentari
1158 2328 1191 2387 in
1204 2330 1304 2389 veteri
1377 2367 1379 2370 -

131 2436 359 2515 nostralingua
373 2437 534 2498 neminem
552 2436 642 2515 fugit,
664 2442 694 2499 et
717 2437 762 2497 ita
789 2435 944 2497 infinitivo
959 2453 1053 2515 saepe
1079 2436 1304 2515 praepositioni

132 2542 279 2604 adiuncto
293 2542 388 2604 fuisse
398 2543 537 2622 quodam
554 2543 648 2604 modo
662 2546 793 2622 pensata
803 2542 930 2615 damna,
947 2559 1019 2603 cum
1038 2546 1142 2602 rueret
1168 2541 1200 2601 in
1214 2542 1303 2620 peius

95 2707 98 2712 ,
130 2649 272 2729 syntaxis
285 2650 555 2712 constructionum
580 2649 749 2710 latinarum
764 2648 948 2727 elegantior.
965 2648 1075 2710 Adsint
1100 2645 1304 2708 nihilominus

129 2756 278 2836 exempla
292 2757 448 2835 quaedam
465 2774 472 2818 :
489 2753 514 2817 A
543 2756 660 2819 eoleiar
674 2756 772 2818 fellon
787 2757 817 2817 lo
846 2756 1022 2836 presdrent.
1039 2753 1303 2829 Ρ111111,17.-

129 2863 206 2924 Pras
219 2881 239 2924 a
251 2863 369 2943 parler.
383 2863 430 2926 lb.
444 2865 495 2927 65.
511 2893 552 2910 -
562 2863 677 2926 Evvrui
688 2865 797 2944 prista
812 2863 934 2925 castior.
952 2863 1083 2940 Sheger,
1101 2862 1302 2924 11.-1111

129 2969 237 3031 Alexis
250 2969 281 3030 71
290 2971 369 3051 prist
382 2969 422 3034 od
434 2971 550 3050 apeler,
579 2969 611 3031 la
636 2970 750 3031 mortel
764 2968 836 3031 vida
863 2969 885 3030 li
910 2969 989 3049 prist
1013 2967 1125 3029 molto
1152 2966 1300 3029 blasmer.

128 3075 245 3153 Alexis,
262 3077 311 3139 13.
326 3078 424 3139 -La
437 3078 519 3141 bone
534 3079 642 3140 madre
656 3077 721 3139 s’on
734 3077 813 3157 prist
830 3095 850 3138 o
878 3066 1049 3139 dementer.
1065 3074 1176 3138 1116.
1193 3105 1233 3122 ·-
1257 3076 1300 3136 lle

128 3200 341 3263 guarnamam
355 3201 388 3246 se
401 3189 495 3265 prcnt
507 3204 527 3248 a
539 3202 681 3248 cunreer.
701 3185 769 3247 liol.
784 3185 852 3246 313.
868 3214 909 3280 3-
922 3182 968 3244 Gil
978 3182 1111 3261 Folques
1121 3182 1198 3243 dont
1200 3179 1234 3260 je
1243 3199 1299 3243 vos

128 3290 174 3365 dl,
189 3307 338 3368 comenea
351 3309 371 3353 1
382 3290 489 3371 parler
502 3292 541 3354 de
555 3294 633 3357 Deu.
648 3291 760 3354 Vitleh.
777 3292 853 3352 1.-
863 3290 1129 3352 Gemeneierento
1143 3286 1299 3350 asembler

129 3415 170 3461 en
184 3399 310 3462 Venire.
326 3399 371 3464 ld.
388 3401 439 3463 17.

170 3505 257 3568 77111
272 3524 348 3585 ergo
362 3511 562 3583 structuram,
575 3508 634 3569 etsi
651 3523 755 3587 perse
769 3506 860 3569 valde
875 3505 1001 3567 differre
1021 3502 1177 3575 videatur,
1193 3505 1297 3563 ortam

128 3627 255 3694 quoque
269 3613 438 3676 arbitrere
452 3614 540 3676 finali
553 3613 782 3694 significatione
791 3631 887 3694 quam
899 3612 983 3693 apud
995 3611 1121 3673 Latinos
1136 3607 1176 3671 od
1185 3608 1297 3671 habuit

127 3717 344 3799 praepositum
359 3719 524 3798 gerundio.

685 3950 736 4056 Ill.

167 4131 363 4213 Praepositio
390 4131 430 4195 od
456 4131 559 4194 finalis
587 4132 683 4193 etiam
711 4131 937 4194 consideranda
967 4136 1013 4192 est
1036 4132 1062 4191 si
1076 4148 1140 4190 non
1164 4128 1291 4189 everbo

125 4238 271 4320 pendeat,
280 4238 336 4300 sed
346 4238 540 4300 substantivo
551 4241 718 4319 eamquasi
731 4239 870 4300 trahenti
884 4244 1054 4316 utcumque
1068 4239 1289 4315 postponatur:

123 4346 210 4428 quod
224 4346 351 4426 quidem
365 4345 486 4407 duabus
499 4343 578 4407 ellici
593 4350 695 4425 potest
711 4344 822 4420 modis,
846 4346 909 4407 sive
932 4344 1121 4422 gerundium
1135 4342 1292 4422 praeposi·

125 4453 171 4515 tio
187 4457 288 4534 reget,
304 4451 369 4517 sive
380 4450 609 4522 substantivum
624 4451 709 4515 aliud
722 4469 850 4516 noman.
