3084 5067
617 1068 741 1131 capvt
762 1069 813 1131 lv.

129 1223 174 1283 DE
187 1239 423 1287 ruturoslriortn
436 1232 482 1282 AD
500 1241 694 1287 notationes
713 1242 826 1286 NVHERI
840 1241 877 1287 ΕΤ
893 1240 1134 1287 couroumraris
1146 1241 1304 1287 smitam.

170 1410 248 1473 Cum
261 1412 341 1474 mihi
354 1414 550 1493 propositum
560 1413 599 1474 sit
614 1432 724 1476 ornnes
748 1432 858 1476 sensus
882 1414 1028 1495 amplecti
1044 1414 1159 1493 quibus
1174 1431 1306 1493 praepo-

126 1519 200 1580 sitio
213 1517 253 1581 od
266 1520 378 1580 haberi
406 1523 504 1599 possit
530 1520 627 1582 veluti
654 1526 775 1582 motum
800 1522 1041 1601 quoquomodo
1073 1522 1114 1583 ad
1135 1523 1306 1582 terminum

125 1627 265 1703 signans,
283 1632 380 1688 restat
393 1633 429 1688 ut
457 1628 560 1688 dicam
574 1629 612 1689 de
641 1630 872 1690 conformitatis
897 1628 1062 1690 relatione.
1079 1628 1201 1707 Quippe
1223 1629 1307 1687 inest

127 1732 203 1795 huic
214 1733 358 1795 relationi
370 1734 458 1796 notio
474 1734 759 1814 adpropinquandi,
771 1754 854 1815 quae
869 1754 933 1797 non
950 1736 1011 1795 nisi
1022 1752 1079 1814 per
1095 1735 1306 1813 comparatio-

126 1853 203 1900 nem
214 1839 282 1902 fieri
297 1845 412 1920 potest,
427 1841 460 1901 id
477 1846 523 1902 est
539 1846 731 1920 permotum
745 1841 1077 1919 figurateiudicatum.

167 1947 406 2010 Observandum
419 1952 466 2009 cst
479 1949 540 2010 hae
554 1948 706 2009 relatione
720 1949 917 2026 frequentius
933 1950 1017 2027 apud
1027 1948 1155 2010 Latinos
1170 1948 1308 2027 particu-

125 2051 193 2115 lam
208 2055 248 2115 ad
263 2072 430 2116 numerum
443 2055 494 2116 vel
508 2055 549 2115 ad
563 2057 687 2116 numeri
712 2057 929 2117 coniecturam
952 2056 1075 2117 referri.
1100 2054 1132 2115 Si
1146 2055 1186 2114 ad
1201 2073 1307 2115 rerum

128 2162 397 2239 comparationem
412 2166 533 2240 spectes
559 2161 674 2223 tactam
692 2167 727 2223 ut
745 2164 827 2223 inter
849 2181 902 2223 eas
918 2163 1088 2223 discrimen
1101 2161 1230 2240 aliquod
1257 2161 1308 2221 vel

126 2268 298 2330 similitudo
323 2273 485 2347 appareat,
516 2270 591 2330 satis
613 2273 722 2330 notum
745 2275 792 2330 est
819 2268 1086 2349 praepositionem
1109 2268 1307 2329 adsensibus

125 2375 362 2436 accommodari
382 2375 436 2453 qui
450 2393 579 2454 prorsus
593 2394 656 2436 non
671 2376 848 2455 discrepent
863 2375 1028 2436 alormula
1044 2373 1122 2455 qood
1136 2374 1253 2436 adtinet
1265 2372 1306 2435 od

124 2479 177 2541 vel
205 2481 359 2559 particula
382 2482 555 2545 secondom.
581 2484 668 2543 Adde
694 2483 780 2560 quod
808 2484 946 2562 genuina
973 2483 1025 2544 hic
1054 2482 1201 2545 movendi
1221 2481 1306 2543 notio

125 2589 230 2665 magis
242 2606 280 2650 ac
294 2591 396 2667 magis
409 2590 589 2651 decrescere
612 2590 772 2663 videatur3
802 2590 882 2650 adde
912 2591 1007 2650 etiam
1031 2607 1182 2651 sensuum
1197 2588 1305 2649 discri-

125 2696 215 2755 mina
225 2697 350 2775 saepius
371 2695 466 2758 fuisse
490 2696 655 2758 subtiliora
675 2714 771 2774 quam
790 2705 823 2756 ut
845 2700 993 2773 vergente
1016 2695 1169 2757 latinitate
1184 2696 1306 2772 integra

124 2801 290 2864 adservari
304 2809 443 2881 possent.

703 2985 729 3047 1.

168 3152 198 3232 a)
217 3151 249 3211 Si
277 3150 327 3213 vel
354 3170 456 3230 pauca
483 3150 627 3231 inprimis
652 3151 691 3211 de
716 3169 850 3212 numero
879 3151 994 3223 dicam,
1011 3150 1178 3210 aestimare
1197 3147 1305 3209 licebit

123 3264 279 3337 quantum
291 3257 470 3338 disperierit
480 3258 653 3337 elegantior
666 3262 834 3338 syntaxeos
842 3256 959 3318 latinae
970 3258 1061 3317 ratio.
1076 3254 1305 3317 Adtribuebant

124 3368 212 3426 enim
228 3366 362 3426 Romani
372 3366 637 3445 praepositionem
647 3366 688 3426 ad
702 3383 870 3427 numerum
886 3365 1076 3443 signandum
1091 3382 1148 3442 pro
1163 3380 1255 3442 esque
1265 3360 1305 3423 od

123 3472 510 3551 quotiensabsolutionem
521 3472 942 3551 pecuniaeindiearercllent
952 3477 1070 3533 certam
1080 3488 1117 3531 ac
1128 3468 1302 3538 definitam,

122 3580 177 3641 vel
192 3579 230 3639 de
244 3597 278 3639 re
289 3584 437 3658 ageretur
448 3597 528 3657 quae
543 3579 574 3638 in
589 3584 694 3657 partes
710 3579 805 3639 dividi
821 3583 934 3658 potest,
957 3578 1038 3638 utin
1061 3577 1130 3637 his:
1147 3574 1193 3636 Ad
1207 3575 1304 3634 dena·

122 3689 211 3747 rium
236 3687 419 3747 solveretur.
437 3685 500 3748 Cic.
516 3705 573 3765 pro
598 3685 701 3759 Quint.
718 3688 750 3747 4.
765 3719 805 3732 -
821 3684 867 3746 Ad
891 3702 1058 3746 nummum
1082 3684 1239 3745 convenit.
1256 3684 1303 3746 ld.

122 3794 167 3856 ad
182 3795 247 3856 Att.
258 3795 286 3867 5,
304 3794 353 3868 tl,
366 3793 576 3853 lb-Aedem
590 3793 716 3855 lunonis
726 3792 872 3853 Laciniae
888 3791 927 3853 od
937 3797 1061 3871 partem
1072 3790 1236 3850 dimidiam
1250 3789 1304 3848 de-

121 3902 215 3979 tegit.
243 3902 308 3961 Lir.
334 3902 384 3973 lt,
415 3901 444 3960 3.
474 3934 513 3943 —
528 3901 662 3959 Mustum
691 3918 787 3978 quam
811 3899 1024 3960 dulcissimum
1052 3898 1239 3975 decoquitur
1263 3894 1303 3956 ad

122 4005 251 4068 tertias.
263 4007 386 4069 Colum.
398 4008 448 4082 tt,
465 4008 516 4070 tl.
528 4042 566 4051 -
577 4007 666 4086 Aqua
676 4006 777 4067 multa
792 4007 825 4065 in
841 4024 878 4067 ca
892 4007 1078 4083 decoquitur
1092 4003 1131 4065 od
1144 4003 1302 4066 dimidias.

123 4113 275 4185 Primae,
291 4114 323 4176 3.
348 4113 433 4173 Adde
461 4111 702 4174 celeberrimam
730 4112 878 4191 loquendi
893 4113 1048 4173 rationem
1063 4110 1103 4172 od
1122 4127 1238 4170 enom:
1259 4111 1302 4169 De

122 4220 269 4283 amicitia
281 4237 391 4281 omnes
407 4218 446 4281 od
457 4236 551 4281 coum
565 4221 714 4283 sentiunt.
726 4219 790 4282 Cic.
806 4220 844 4279 de
855 4221 949 4280 amic.
966 4220 1016 4280 23.
1040 4249 1081 4264 -
1106 4215 1137 4275 Si
1160 4217 1301 4277 nondum

122 4346 243 4391 exosus
258 4325 297 4388 ed
311 4344 404 4388 terrram
420 4327 583 4389 Troianos.
600 4327 694 4404 Verg.
711 4329 788 4389 Aen.
805 4328 835 4399 5,
847 4328 917 4390 687.

168 4435 228 4494 Sed
244 4433 362 4494 Latinis
377 4431 429 4494 hic
442 4432 500 4493 fult
515 4433 685 4512 particulae
703 4433 870 4513 peculiaris
879 4451 916 4494 ac
932 4433 1078 4510 proprius
1093 4448 1167 4490 usus
1181 4436 1216 4490 ut
1229 4449 1299 4490 eam
