3084 5067
215 451 355 515 tradidit.
372 454 449 532 Nep.
466 454 556 514 Eum.
574 452 622 513 13.
638 486 678 498 -
692 451 748 513 661
772 452 963 514 ordinandas
993 450 1200 516 bibliothecas
1221 453 1387 531 delegave-

215 565 275 621 rat.
291 561 377 622 Suet.
395 560 458 624 div.
474 560 532 621 lul.
551 561 654 621 56-
668 561 787 622 Pueros
807 560 901 639 lupae
916 559 1047 622 alendos
1060 559 1184 620 obtulit.
1201 559 1310 621 lustin.
1330 563 1384 633 13,

213 668 243 743 6,
268 669 287 727 5
312 666 364 747 (1).
390 666 504 746 Aliqua
529 672 634 728 tamen
666 665 715 728 vel
740 666 831 746 apud·
849 665 1016 745 scriptores
1043 668 1202 727 Romanos
1226 667 1383 734 accedunt

214 773 361 854 exempla
377 772 621 853 praepositionis
640 771 680 834 66
703 790 740 834 66
765 791 858 834 sensu
873 776 955 834 inter
978 773 1196 851 praedicatum
1220 791 1338 835 nomen
1355 779 1387 835 et

213 883 404 962 gerundium
422 883 552 961 positae,
574 882 761 961 perinde·ac
785 882 812 941 si
826 882 999 959 gerundivo
1018 900 1074 961 per
1095 899 1128 942 se
1142 899 1206 942 non
1230 882 1387 943 sufficiant

211 996 241 1053 et
254 1008 380 1051 sensum
393 988 588 1051 necessitatis
607 1006 723 1067 parum
737 993 846 1068 aperte
862 988 1033 1050 declarent.
1060 989 1135 1051 Inde
1151 987 1186 1048 fit
1200 993 1236 1049 ut
1252 987 1386 1049 insolen-

209 1098 271 1159 tius
285 1096 432 1159 dicatur:
455 1095 579 1157 Nemini
593 1114 625 1157 se
652 1094 692 1157 66
716 1096 896 1158 66666666
919 1095 1024 1157 debat.
1051 1096 1114 1157 616.
1140 1095 1229 1157 Brut.
1257 1096 1328 1156 306.
1346 1129 1386 1139 —

217 1205 295 1266 666
309 1204 400 1266 alteri
414 1203 538 1283 Syriam
551 1202 591 1265 66
604 1203 815 1283 diripiendum
828 1202 1020 1265 tradidisses.
1037 1203 1083 1265 ld.
1100 1220 1159 1281 pro
1175 1204 1261 1265 dom.
1278 1204 1328 1263 66.
1346 1236 1386 1247 -

220 1312 409 1390 Partemque
434 1310 543 1391 oppidi
570 1312 666 1371 sumit
688 1308 729 1372 66
755 1310 974 1372 obsidendum.
1012 1310 1099 1371 Gaas.
1126 1309 1186 1371 BG.
1213 1310 1243 1386 8,
1272 1311 1322 1372 31.
1347 1343 1388 1358 -

218 1420 318 1492 Quem
346 1417 506 1479 inventum
539 1422 679 1498 pastores
712 1435 827 1496 caprae
855 1417 1064 1479 subdiderunt
1099 1415 1139 1479 66
1169 1417 1384 1480 nutriendum.

219 1527 333 1608 Hygin.
350 1525 415 1586 fab.
431 1528 469 1587 87
485 1523 541 1607 (6).

258 1634 352 1695 Cuius
370 1637 558 1706 structurae,
576 1632 660 1711 apud
678 1634 838 1693 Romanos
860 1632 999 1708 rarioris,
1014 1650 1088 1693 cum
1111 1633 1151 1692 sit
1165 1636 1278 1695 contra
1300 1633 1388 1712 apud

219 1744 367 1801 auctores
384 1739 613 1817 Merovingicos
637 1738 893 1817 frequentissima
907 1743 935 1799 et
960 1756 1000 1799 ex
1025 1738 1173 1801 omnibus
1198 1738 1389 1800 66616666-

219 1849 333 1908 mentis
359 1848 448 1925 quasi
471 1864 554 1908 nova
579 1846 630 1907 lex
653 1850 823 1926 syntaxeos
845 1845 956 1906 haberi
983 1848 1095 1925 possit,
1124 1846 1269 1925 exempla
1292 1844 1389 1905 velim

219 1953 332 2015 efferre
348 1971 445 2032 quam
465 1953 613 2033 plurima,
636 1958 673 2013 ut
692 1953 786 2032 plane
810 1970 942 2032 prorsus
964 1957 1092 2033 pateat:
1119 1953 1253 2013 Tantum
1267 1952 1326 2013 sibi
1348 1951 1390 2012 66

219 2059 398 2121 faciendum
412 2064 639 2138 praesumeret.
659 2059 757 2120 Hilar.
784 2059 822 2119 de
838 2059 923 2119 Trin.
942 2062 971 2131 7,
993 2061 1041 2119 18.
1067 2094 1106 2104 -
1120 2056 1334 2120 Grammatico
1350 2076 1391 2118 ex

219 2184 283 2245 666
310 2166 491 2228 hominibus
514 2165 554 2227 66
577 2167 743 2244 legendum
769 2170 817 2226 cst
838 2166 964 2227 tredita.
990 2167 1064 2226 Arn.
1090 2167 1128 2227 de
1147 2168 1267 2240 Deo,1,
1286 2166 1333 2226 13.
1351 2198 1390 2209 —-

219 2273 412 2352 Quicumque
437 2273 568 2334 clericus
594 2272 713 2351 aliquid
736 2273 774 2333 de
798 2274 865 2333 iure
889 2272 1138 2336 ecclesiastico...
1164 2274 1322 2351 acceperit
1350 2271 1391 2333 66

219 2380 381 2441 utendum.
399 2378 484 2441 cle.
513 2396 600 2440 cunc.
621 2379 845 2440 Aurelianense
863 2382 895 2451 1,
912 2398 941 2440 6.
963 2382 1033 2453 511,
1050 2398 1120 2443 666.
1144 2381 1192 2454 18,
1207 2398 1239 2457 p.
1266 2381 1335 2441 661.
1352 2414 1391 2425 -

219 2486 437 2549 Saeculares...
454 2487 540 2566 ipsas
555 2487 721 2565 parochias
732 2487 862 2547 minime
876 2486 917 2547 66
929 2488 1103 2566 regendum
1117 2488 1254 2549 debeant
1269 2487 1389 2548 habere

219 2594 415 2655 commissas.
433 2592 479 2654 lb.
502 2611 590 2655 conc.
613 2593 830 2667 Gabilonense,
847 2612 876 2655 a.
903 2595 973 2669 656,
991 2613 1060 2657 can.
1077 2596 1106 2669 6,
1122 2614 1154 2674 p.
1171 2596 1241 2655 196.
1271 2629 1310 2639 -
1333 2595 1390 2656 661

220 2699 260 2762 66
281 2702 476 2779 pascendum
499 2718 573 2763 oves
599 2701 785 2763 commissae
810 2706 891 2763 sunt.
918 2701 1010 2779 Greg.
1038 2702 1111 2762 Tur.
1140 2703 1202 2762 ΗΕ.
1224 2702 1255 2774 6,
1273 2702 1324 2763 63.
1351 2736 1390 2748 -

138 2795 141 2803 ’
220 2809 298 2870 666
314 2825 410 2886 equos
423 2807 463 2869 66
477 2807 687 2870 6166666666
707 2809 887 2869 adduxeris.
904 2808 951 2871 ld.
974 2809 1017 2868 ib.
1039 2809 1069 2883 3,
1090 2810 1139 2868 16.
1160 2843 1200 2853 -
1218 2810 1387 2870 Litteras...

219 2915 280 2994 ipsi
298 2913 338 2976 66
358 2915 527 2993 legendum
557 2915 654 2976 dedit.
678 2914 724 2975 ld.
746 2914 789 2974 ib.
812 2917 843 2988 3,
866 2916 916 2976 63.
943 2949 982 2959 -
1005 2914 1070 2976 1166
1096 2916 1276 2994 depositum
1295 2932 1390 2994 penes

219 3027 252 3081 te
270 3020 449 3083 hebebatur
463 3021 503 3083 66
527 3021 779 3084 custodiendum.
797 3022 842 3082 ld.
859 3021 902 3081 ib.
919 3022 949 3097 6,
972 3022 1020 3081 18.
1047 3056 1086 3065 -
1109 3020 1275 3097 Paululum
1291 3038 1390 3099 aquae

169 3112 171 3115 Α
219 3128 343 3208 6661166
356 3127 467 3190 detulit
481 3127 521 3190 66
534 3128 718 3189 hibendum.
734 3128 780 3189 ld.
797 3129 863 3189 Vll.
880 3129 909 3202 3,
932 3128 961 3188 6.
987 3163 1027 3172 -
1048 3129 1215 3189 Pulverem
1230 3128 1270 3189 66
1284 3128 1391 3192 biben-

220 3235 296 3296 dum
321 3253 457 3313 porrego
479 3234 682 3297 moribundo.
715 3235 761 3296 ld.
787 3234 829 3295 ib.
853 3237 883 3307 3,
914 3236 963 3296 60.
990 3270 1029 3283 -
1054 3235 1221 3297 66666616
1249 3236 1390 3314 corporis

220 3343 371 3404 dominici
386 3345 595 3416 sacramento,
616 3345 645 3403 et
666 3342 738 3421 ipse
754 3344 890 3420 sumpsit
911 3347 942 3403 et
965 3341 1034 3402 aliis
1046 3342 1205 3404 distribuit
1223 3340 1264 3403 66
1277 3341 1390 3403 aeden·

221 3449 308 3512 dum.
329 3449 373 3510 ld.
404 3448 468 3510 GM.
490 3449 539 3510 86.
567 3447 774 3521 -061666,
800 3449 1093 3528 66666166666616,
1118 3447 1307 3527 presbitero,
1338 3449 1392 3528 qui

220 3554 302 3618 hanc
328 3573 443 3634 aquam
470 3553 685 3631 ministrabat,
712 3556 853 3635 porrexit
877 3555 918 3617 66
942 3556 1165 3634 6666166666.
1191 3555 1236 3616 16.
1262 3554 1306 3615 11).
1338 3556 1388 3615 66.

219 3663 314 3725 -Ut
327 3664 478 3725 secretius
492 3664 578 3742 quod
593 3662 633 3725 66
643 3663 880 3743 suggerendum
893 3662 1042 3735 habebat,
1060 3666 1239 3741 exponeret.
1256 3661 1388 3738 Fredeg.

221 3770 271 3831 61.
287 3804 327 3815 -
342 3770 382 3833 Ut
396 3769 516 3849 aliquid
530 3769 570 3832 66
594 3769 793 3832 offerendum
807 3771 870 3830 Deo
894 3769 1084 3849 adquireret.
1109 3768 1214 3830 VGall.
1230 3769 1261 3844 6,
1278 3788 1310 3848 p.
1337 3770 1388 3838 61,

222 3876 474 3956 11,-8616666
500 3878 634 3956 posteris
658 3875 883 3956 perpetualiter
904 3875 944 3938 66
967 3876 1198 3954 possedendum
1220 3874 1388 3963 relinquat.

221 3984 302 4064 Dipl.
320 3985 397 4062 Reg.
416 3985 464 4061 16,
481 4002 510 4045 6.
533 3984 603 4058 668,
618 4003 650 4062 p.
669 3985 718 4059 11,
736 3984 787 4044 18.
814 4015 853 4028 -
876 3984 976 4060 ltegni
990 3981 1101 4056 nostri,
1118 3982 1203 4060 quod
1217 3983 1282 4061 ipse
1298 3982 1391 4042 nobis

220 4089 260 4152 66
284 4090 457 4169 regendum
482 4088 653 4153 commisit.
680 4090 725 4152 lb.
753 4090 805 4163 16,
822 4108 852 4152 6.
870 4090 940 4161 661,
966 4091 1072 4169 616,
1098 4090 1126 4148 1.
1154 4123 1195 4135 -
1218 4088 1391 4166 Gengulfus

251 4341 284 4404 (1)
299 4339 336 4391 61.
353 4339 658 4406 Draegar,l1ist.8yut.,
674 4347 694 4393 t.
705 4341 736 4403 ll,
751 4355 778 4406 p.
795 4342 850 4391 863.

251 4428 333 4496 (6)(11.
347 4430 471 4496 Dracgar,
486 4429 651 4497 11616666,
665 4437 685 4481 t.
698 4430 729 4493 11,
738 4444 764 4495 6.
775 4431 830 4483 861.
