3084 5067
733 344 892 410 ..32-

231 506 380 586 amplecti
394 509 559 570 materiam
576 526 584 568 :
600 508 656 569 sed
683 525 763 586 quae
790 509 896 569 notavi
923 507 1091 586 praecipue
1119 505 1202 585 apud
1228 506 1399 583 scriptores

232 612 469 691 MerovingicoS,
481 631 623 693 quaeque
637 613 784 692 deinceps
797 615 830 672 in
843 613 951 691 lingua
967 616 1076 673 nostra
1086 611 1156 690 plus
1169 611 1274 672 minus
1292 627 1401 672 occur-

231 723 306 780 runt
318 720 359 780 ad
374 718 620 792 similitudinem,
636 737 673 780 ea
687 720 796 780 ordine
809 737 995 799 proponam.

272 824 303 906 a)
320 826 351 887 Si
366 828 406 887 ad
420 824 521 906 ipsam
536 831 655 905 spectes
669 826 866 899 latinitatem,
882 824 1131 905 adsignationem
1145 824 1214 885 fieri
1226 842 1289 886 non
1302 823 1399 884 semel

232 937 317 994 recta
329 933 451 995 ratione
466 933 709 1008 animadvertas,
727 933 770 993 ita
786 938 819 993 ut
833 933 1000 1012 deputetur
1021 932 1133 1012 aliquis
1151 931 1201 994 vel
1219 931 1338 1011 aliquid
1359 932 1399 992 ad

232 1045 352 1102 certum
368 1039 483 1115 locum,
501 1044 555 1101 aut
569 1040 687 1102 additio
701 1040 844 1118 signetur
858 1039 1087 1120 praepositione
1101 1038 1152 1113 ud,
1168 1041 1249 1100 utin
1262 1040 1313 1099 his
1330 1057 1337 1100 :
1353 1036 1400 1100 Ad

231 1147 327 1227 pedes
343 1147 469 1226 quando
485 1146 658 1224 adligatum
673 1151 720 1208 est
737 1165 871 1227 aequom
887 1147 1175 1226 centumpondium.
1191 1146 1294 1208 Plaut.
1310 1144 1397 1208 Asin.

231 1254 301 1315 303.
318 1255 460 1317 —Hunc
480 1253 622 1322 laborem
644 1252 684 1315 ud
705 1255 863 1317 cotidiana
885 1272 983 1335 opera
1006 1254 1171 1316 addebant.
1189 1255 1278 1316 Caes.
1295 1253 1353 1314 BG.
1367 1255 1397 1326 3,

230 1361 281 1421 19.
298 1395 336 1405 -
357 1361 469 1422 Dircen
486 1359 526 1422 cd
546 1365 673 1421 taurum
694 1362 882 1424 indomitum
905 1361 1086 1439 deligatam.
1104 1362 1217 1441 Hygin.
1234 1360 1298 1422 131).
1315 1362 1344 1421 1.
1361 1394 1400 1405 -

231 1466 357 1548 Ulysses
382 1468 483 1529 socios
507 1485 580 1529 suos
595 1467 634 1529 ad
664 1485 779 1547 pecora
800 1465 950 1546 alligavit.
966 1468 1010 1529 13.
1027 1467 1070 1528 ib.
1088 1468 1157 1527 125.
1179 1466 1281 1528 Latini
1303 1468 1399 1529 etiam

231 1574 292 1636 dici
318 1580 453 1653 possunt
486 1575 753 1654 praepositionem
786 1576 893 1637 dativo
919 1573 1137 1654 anteposuisse
1164 1575 1295 1654 quoties
1312 1575 1399 1636 notio

230 1678 339 1742 localis
352 1679 516 1761 perspicue
532 1685 720 1744 occurreret.
734 1682 805 1743 Vim
819 1698 888 1743 eam
902 1680 1074 1760 partisidae
1088 1681 1121 1741 in
1135 1679 1251 1741 infimis
1260 1679 1399 1744 ,saeculis

231 1786 309 1848 3333
323 1804 387 1848 333
406 1788 535 1867 periisse
550 1787 666 1863 dicam,
683 1792 717 1849 ut
735 1787 830 1849 latius
849 1793 960 1850 contra
979 1788 1164 1848 extendatur
1187 1792 1218 1848 et
1240 1786 1281 1849 ad
1304 1804 1398 1866 saepe

231 1893 384 1960 adiciatur
397 1894 502 1958 verbis
517 1912 642 1973 ponere,
662 1894 771 1974 lipare,
790 1899 821 1958 et
836 1893 994 1956 nonnullis
1011 1891 1241 1968 huiuscemodi,
1259 1892 1399 1956 indican-

231 1998 314 2059 tibus
328 1999 473 2074 videlicet
487 2006 608 2070 motum
631 1999 684 2078 qui
707 2001 843 2061 refertur
864 2001 1022 2062 interdum
1046 2000 1087 2061 ad
1110 2003 1234 2079 partem
1258 1998 1399 2078 aliquam

231 2107 384 2184 eorporis.
402 2106 485 2169 Haec
500 2112 592 2170 sunto
607 2106 780 2185 specimina
799 2119 909 2169 'sensus
926 2125 933 2167 :
950 2104 997 2167 Ad
1011 2106 1116 2168 studia
1133 2106 1311 2167 litterarum
1321 2123 1399 2168 cum

233 2230 270 2273 eo
284 2214 415 2292 positus.
433 2215 526 2293 Greg.
544 2215 616 2275 Tur.
633 2217 663 2285 1,
679 2216 729 2274 13.
742 2248 780 2257 -
794 2212 840 2274 Ad
855 2213 973 2276 scolam
987 2213 1118 2293 positus.
1132 2213 1178 2273 13.
1189 2213 1256 2275 VM.
1273 2214 1302 2288 1,
1318 2213 1347 2272 1.
1360 2245 1399 2256 -

232 2318 341 2380 Posuit
355 2338 484 2381 manum
508 2319 548 2381 cd
569 2319 779 2397 sarcofagum.
795 2320 841 2379 Id.
857 2320 900 2380 ib.
918 2321 946 2394 1,
962 2322 993 2380 6.
1015 2353 1053 2363 -
1072 2320 1191 2382 Pueros
1210 2336 1267 2398 per
1285 2336 1399 2379 nervos

145 2466 149 2474 .
231 2426 386 2488 femorum
402 2426 441 2490 od
456 2426 589 2489 arbores
605 2427 828 2506 appendentes.
845 2427 890 2486 13.
907 2428 968 2487 HF.
980 2429 1010 2499 3,
1025 2428 1052 2486 1.
1065 2426 1170 2487 -Cui
1184 2425 1346 2506 capsulam
1360 2424 1401 2486 ad

232 2531 347 2593 collum
361 2534 474 2611 posuit.
492 2533 536 2593 13.
554 2532 618 2593 GM.
634 2534 683 2596 31).
700 2567 738 2577 -
756 2534 812 2594 Cui
827 2551 899 2594 curn
920 2531 960 2593 ud
983 2532 1098 2593 collum
1120 2532 1200 2611 lapis
1225 2532 1400 2596 immensus
1460 2526 1462 2529 ’

231 2637 355 2698 funibus
370 2639 535 2717 colligatus
550 2639 670 2699 fuisset.
688 2639 733 2699 ld.
751 2637 794 2699 ib.
807 2640 857 2700 68.
869 2674 908 2683 -
922 2637 1052 2717 Signum
1066 2640 1178 2701 heatae
1193 2639 1294 2700 crucis
1307 2637 1348 2699 cd
1363 2657 1401 2700 os

230 2742 358 2808 faciens.
374 2744 540 2821 131113,
557 2746 586 2807 3.
603 2780 641 2790 -
656 2745 740 2807 Pelle
755 2745 952 2825 superposita
965 2744 1005 2809 ud
1019 2744 1123 2825 ipsum
1137 2744 1329 2822 geniculum.
1348 2744 1397 2804 13.

230 2848 273 2909 11).
286 2852 316 2927 3,
325 2850 354 2910 9.
363 2885 403 2894 -
413 2851 555 2913 Cilicium
568 2853 654 2931 quod
668 2857 778 2913 sancto
792 2853 926 2913 induens
939 2851 979 2912 od
992 2869 1116 2932 corpus.
1129 2853 1257 2913 Fortun.
1269 2849 1398 2913 VSRad.
1426 2841 1430 2850 ’

230 2958 260 3017 6.
276 2957 425 3034 -Vetus
439 2958 528 3019 filum
543 2977 582 3034 eu
596 2976 634 3020 ea
649 2957 807 3037 accipiens
821 2958 862 3020 33
880 2976 970 3020 suam
994 2976 1106 3020 zonam
1131 2976 1170 3018 ex
1192 2958 1254 3019 1133
1276 2956 1398 3035 ligavit.

230 3064 276 3126 Id.
287 3062 430 3142 1181331).
440 3067 540 3126 33-
549 3067 619 3128 1133
634 3066 714 3146 pede
730 3071 761 3127 et
774 3067 904 3128 brachio
920 3065 960 3128 33
973 3065 1167 3134 vitiosissimi
1181 3063 1252 3145 equi
1266 3065 1401 3127 caudam

229 3169 339 3248 ligare.
355 3173 487 3252 Fredeg.
503 3174 553 3233 13.
1244 3231 1246 3238 .

248 3350 251 3358 ,
270 3278 475 3344 Construendi
489 3284 595 3344 autem
609 3280 688 3342 ratio
703 3297 760 3360 per
774 3297 807 3341 se
821 3278 970 3359 liquidior
993 3285 1023 3342 et
1047 3279 1185 3344 sermoni
1208 3278 1259 3340 vel
1280 3279 1400 3340 rustico

191 3414 194 3421 ·
230 3390 305 3465 apta
326 3392 479 3468 quatenus
497 3388 632 3465 viguerit
650 3388 682 3449 in
709 3388 800 3468 plebe
817 3387 970 3467 suspicari
995 3385 1079 3461 licet,
1100 3404 1172 3449 cum
1199 3385 1316 3456 locales
1339 3386 1401 3446 has

230 3491 456 3574 adtributiones
472 3513 532 3558 uau
547 3496 737 3561 creberrimo
755 3494 870 3573 gallica
890 3501 1000 3556 nostra
1019 3493 1129 3572 lingua
1148 3492 1286 3560 declaret
1302 3510 1310 3552 ε
1326 3492 1401 3553 Pois

228 3597 345 3664 lihons
358 3600 455 3679 padre
468 3600 508 3661 ad
523 3601 624 3664 escole
639 3601 668 3663 13
683 3604 768 3672 mist.
785 3601 900 3675 Alexis,
914 3601 942 3661 7.
956 3632 996 3648 -
1010 3601 1079 3661 ldist
1092 3600 1124 3661 13
1137 3598 1224 3666 main
1238 3617 1257 3660 3
1270 3597 1399 3679 l’espee.

231 3704 300 3767 Rol.
315 3706 386 3786 113.
399 3739 439 3758 η-
453 3705 581 3769 ltollanz
595 3708 636 3780 ad
650 3707 711 3768 mis
724 3706 857 3778 l’olifant
870 3725 889 3770 3
903 3725 940 3776 aa
952 3706 1066 3770 buche.
1083 3705 1128 3766 11).
1142 3706 1229 3765 1133.
1242 3702 1322 3768 .-Α
1338 3721 1400 3765 une

231 3812 354 3872 estache
368 3811 447 3872 l'unt
461 3814 606 3875 atachiet.
619 3815 664 3875 11).
674 3812 845 3875 3131.-Α
859 3814 890 3875 13
904 3812 1047 3874 charrete
1062 3812 1091 3872 13
1106 3811 1221 3872 murlet
1234 3810 1397 3872 atelerent.

229 3918 326 3997 Amis,
343 3920 432 3980 3336.
461 3951 503 3966 -
520 3921 554 3981 Li
577 3923 746 3983 atauchent
768 3922 800 3982 13
823 3920 905 3982 croiz
928 3938 948 3981 3
969 3917 1128 3998 l’espaule.
1151 3916 1264 3979 Villeh.
1286 3919 1337 3977 11.
1359 3950 1401 3961 -

230 4025 390 4088 Chascune
412 4025 493 4103 galie
512 4028 545 4088 fu
564 4046 584 4089 3
606 4046 648 4089 33
661 4028 774 4089 vissier
788 4027 857 4088 liee.
874 4026 919 4088 Id.
939 4026 1005 4085 156.
1020 4059 1060 4070 -
1073 4024 1184 4085 L’arne
1200 4023 1401 4103 acouplenta

229 4132 262 4193 la
281 4132 395 4211 poulie.
413 4136 540 4212 Renart,
556 4137 587 4208 1,
607 4137 676 4197 383.
699 4168 739 4181 -
761 4132 788 4195 Α
810 4135 843 4196 13
865 4134 1001 4197 fenestre
1015 4129 1174 4193 marbrine
1188 4130 1220 4193 la
1234 4128 1354 4212 s‘apoia
1367 4128 1401 4192 la

230 4238 379 4300 mescine.
395 4241 556 4317 Aucassin,
573 4242 604 4315 5,
621 4244 650 4303 5.

270 4343 303 4426 b)
315 4347 495 4420 adtributio
509 4366 585 4416 vero
603 4348 717 4416 localis
737 4352 823 4411 recta
842 4346 945 4409 minus
962 4347 1085 4410 ratione
1098 4343 1173 4410 ,fieri
1192 4349 1303 4426 potest,
1319 4342 1346 4412 sl
1359 4343 1401 4407 od

230 4451 310 4528 loeo¹
325 4456 527 4535 praeponitur
550 4455 583 4520 in
606 4475 700 4536 quem
723 4456 873 4535 recipitur
896 4455 1040 4535 aliquis:
1061 4453 1238 4520 Ghramnus
1260 4471 1335 4515 vero
1359 4451 1400 4514 od
