3084 5067
716 350 875 410 ..66-

212 514 261 577 rel
270 513 489 576 adverbialiter
503 514 637 592 positam
662 513 848 591 deputarent
875 513 1070 572 coniecturae
1089 509 1214 569 numeri
1228 509 1277 570 cui
1302 508 1380 568 velis

212 620 428 683 aestimatione
453 620 523 698 plus
547 620 649 679 minus
674 620 835 681 accedere.
865 619 1042 696 Usurpatur
1064 617 1147 676 enim
1175 616 1285 676 eodem
1313 615 1379 675 iere

212 746 305 790 sensu
320 734 413 807 atque
429 728 551 789 circiter
565 725 758 806 praepositio
773 726 813 788 ud
823 725 854 786 in
869 725 918 786 his
936 732 965 786 et
990 725 1145 785 similibus
1163 743 1169 784 ς
1184 722 1229 784 lc
1244 723 1379 802 quadra-

213 835 300 914 ginta
323 836 435 898 minas.
464 834 567 896 Plaut.
594 834 728 913 Epidi,
759 834 789 905 3,
821 833 1056 895 til-Annos
1085 831 1125 893 ad
1150 831 1378 910 quinquaginta

213 947 316 1003 natus.
332 942 394 1004 iiie.
412 960 469 1020 pro
485 941 605 1001 Gluent.
617 941 667 1001 10.
683 972 723 986 -
736 941 924 1018 Frequentes
935 938 1051 1000 fuimus
1061 940 1189 999 omnino
1204 936 1244 998 ud
1264 936 1379 997 ducen-

213 1053 274 1110 tos.
289 1047 335 1110 ld.
351 1047 390 1108 ad
420 1047 478 1118 Qu.
503 1045 543 1108 fr.
569 1047 599 1118 2,
630 1046 970 1125 1.-Equitatumque
998 1063 1124 1106 omnem
1146 1044 1185 1105 ad
1211 1062 1380 1104 numerum

214 1160 362 1233 quattuor
378 1155 510 1214 milium.
527 1155 614 1215 Caes.
632 1154 691 1216 BG.
715 1154 743 1228 1,
761 1155 809 1213 15.
825 1186 863 1199 -
878 1152 993 1214 Occisis
1012 1152 1052 1213 ad
1072 1152 1237 1216 hominum
1254 1150 1382 1211 milibus

214 1264 372 1339 quattuor.
396 1261 441 1322 ld.
464 1260 506 1321 ib.
534 1260 625 1332 233.
648 1293 687 1306 —·
714 1258 760 1321 Ad
789 1261 850 1321 duo
878 1259 964 1321 milia
991 1276 1122 1320 numero
1150 1277 1189 1319 ex
1217 1258 1383 1337 Pompeia-

215 1369 264 1428 nis
280 1367 437 1429 cecidisse.
453 1366 498 1427 ld.
516 1367 573 1429 BG.
590 1370 620 1442 3,
637 1368 687 1429 53.
699 1400 738 1413 -
751 1365 798 1428 Ad
821 1366 932 1447 viginti
958 1367 1111 1428 matronis
1127 1364 1244 1427 accitis.
1266 1365 1332 1427 biv.
1348 1366 1380 1436 8,

213 1476 262 1537 l8.
279 1476 441 1553 -Longa
455 1474 532 1537 folia
546 1474 641 1536 babet
655 1474 719 1535 fere
734 1473 774 1535 od
789 1478 936 1553 quattuor
951 1473 1075 1551 digitos.
1091 1473 1171 1536 Plin.
1195 1473 1244 1547 27,
1262 1472 1313 1543 is,
1330 1472 1382 1533 86.

214 1582 249 1642 lit
264 1580 314 1643 vel
328 1582 412 1661 apud
421 1582 548 1644 intimae
562 1581 725 1643 latinitatis
736 1583 913 1661 scriptores,
928 1599 1108 1661 quanquam
1123 1579 1245 1642 rarius:
1262 1578 1385 1642 Sinues-

213 1708 265 1752 sae
275 1690 471 1771 adquattuor
485 1690 572 1752 milia
586 1708 751 1753 servorum
762 1709 782 1751 a
795 1690 831 1762 Ο.
844 1689 965 1752 Metello
974 1695 1005 1753 et
1016 1690 1072 1753 Gn.
1083 1687 1214 1751 Servilio
1229 1687 1386 1767 Caepione

213 1815 364 1877 oppressa
377 1803 461 1860 suut.
477 1797 569 1861 Oros.
579 1797 652 1858 bist.
669 1798 699 1872 5,
716 1798 792 1872 9,1.
808 1797 1009 1858 -Boiorum
1038 1798 1200 1875 utriusque
1225 1812 1319 1856 senua
1344 1792 1388 1855 od

214 1908 340 1966 centum
355 1906 582 1984 quinquaginta
596 1909 627 1965 et
641 1909 761 1984 septem
776 1905 863 1966 milia
876 1904 1054 1966 hominum.
1071 1904 1117 1966 ld.
1132 1902 1175 1964 ib.
1193 1904 1222 1976 6,
1249 1905 1278 1979 7,
1294 1902 1313 1963 5
1326 1900 1385 1981 (1).

253 2009 284 2091 1))
299 2011 501 2088 Merovingici
519 2029 594 2072 vero
622 2011 811 2089 particulam
838 2010 878 2072 od
905 2010 958 2073 vix
983 2010 1161 2084 adhibuisse
1175 2009 1320 2071 videntur
1344 2007 1387 2069 ad

215 2115 463 2195 designationem
477 2116 683 2190 numeralem,
700 2117 826 2196 eiusque
842 2118 1003 2178 rarissima
1017 2117 1147 2195 vestigia
1155 2117 1188 2177 in
1198 2117 1387 2176 instrumen-

215 2224 254 2282 tis
266 2221 315 2283 vel
329 2223 414 2302 apud
429 2224 596 2301 scriptores
608 2223 757 2301 reperias.
776 2221 807 2283 Si
822 2226 998 2284 extremum
1012 2222 1136 2284 numeri
1150 2221 1283 2282 limitem
1306 2221 1387 2282 indi-

216 2345 287 2388 care
311 2329 417 2403 velint,
435 2334 524 2389 extra
552 2346 646 2406 quem
673 2347 738 2390 non
766 2327 882 2390 debeas
921 2330 1039 2407 egredi,
1074 2334 1204 2390 utuntur
1228 2330 1388 2391 locutione

216 2435 404 2517 redundanti
420 2452 513 2515 usquc
526 2434 577 2507 ad,
597 2436 692 2500 modo
720 2435 880 2496 simillimo
904 2454 940 2497 ac
955 2438 1081 2515 ponitur
1096 2437 1136 2497 ad
1159 2438 1330 2497 terminum
1355 2436 1389 2497 in

216 2546 359 2619 tempore
374 2539 576 2619 signandum.
593 2540 687 2603 Cuius
702 2543 844 2623 proiecto
863 2545 909 2603 rei
922 2544 954 2602 in
969 2544 1037 2604 solo
1048 2544 1138 2621 Legis
1152 2542 1272 2605 Salicae
1300 2548 1389 2603 textu

217 2648 361 2728 exempla
387 2654 555 2711 occurrunt
582 2668 678 2730 qnam
704 2650 866 2730 plurima:
889 2650 956 2723 Quo
974 2668 1107 2712 numero
1122 2668 1214 2730 usquc
1241 2649 1281 2711 ad
1309 2651 1389 2712 duos

217 2773 340 2834 porcos.
363 2756 452 2817 LSal.
470 2759 499 2833 1,
515 2757 546 2828 2,
563 2758 592 2819 6.
610 2791 651 2804 -
666 2758 697 2818 Si
710 2760 780 2837 quis
796 2758 933 2838 porcello
947 2763 1069 2819 tertusu
1084 2757 1284 2818 imbulaverit
1296 2774 1390 2836 usqne

217 2860 257 2923 ad
271 2864 463 2926 anniculum.
480 2865 537 2941 lb.,
553 2866 583 2938 1,
600 2865 629 2940 2,
647 2863 751 2927 9.-Si
765 2883 840 2926 vero
855 2864 990 2945 amplius
1000 2883 1093 2946 osque
1107 2863 1146 2926 ad
1154 2864 1230 2924 XXV
1238 2863 1390 2926 animalia

217 2969 379 3031 furaverit.
391 2971 437 3034 lb.
450 2973 478 3047 1,
491 2974 521 3044 3,
539 2972 643 3035 7.·-Si
657 2990 735 3050 grex
749 2974 855 3035 minor
870 2972 963 3034 luerit
973 2991 1065 3053 nsque
1079 2971 1119 3035 cd
1136 2977 1257 3051 septem
1273 2970 1388 3051 capita.

217 3077 262 3138 lb.
279 3078 307 3152 1,
325 3078 417 3151 38,1.
433 3111 474 3124 -
489 3076 586 3159 Usque
599 3078 640 3140 ad
655 3084 718 3139 tres
732 3080 827 3142 vices.
839 3079 883 3141 lb.
901 3081 930 3154 1,
948 3081 998 3153 50,
1015 3081 1044 3140 2.

259 3184 371 3262 Magna
385 3183 527 3263 paucitas
543 3191 591 3246 est
614 3187 820 3265 speciminum
841 3185 1083 3266 praepositionis
1107 3206 1162 3267 per
1177 3206 1209 3249 se
1224 3203 1392 3249 numerum

220 3290 385 3367 signantis,
402 3296 433 3352 et
448 3310 485 3351 ea
499 3297 642 3370 spectant
656 3295 759 3371 potius
774 3295 814 3354 ad
829 3311 997 3355 numerum
1013 3294 1176 3355 definitum
1191 3295 1240 3356 vel
1254 3295 1294 3355 ad
1305 3279 1393 3355 locu·

219 3396 322 3459 tiones
335 3396 451 3458 rustice
480 3397 568 3459 fictas
592 3418 745 3478 usumque
775 3399 900 3478 linguae
915 3402 1094 3463 romanicae
1109 3404 1173 3462 iam
1199 3403 1391 3480 prodentes:

221 3502 254 3566 Si
267 3503 307 3565 ad
320 3504 426 3584 plures
440 3522 515 3566 vero
532 3524 627 3585 usque
642 3507 683 3566 ad
698 3526 752 3567 sex
767 3526 841 3587 apes
854 3508 930 3568 foris
944 3513 1027 3569 tecto
1044 3509 1144 3570 furate
1160 3509 1285 3570 fuerint.
1302 3507 1392 3569 LSal.

221 3614 249 3684 3,
267 3613 297 3685 8,
314 3614 343 3672 3.
361 3647 400 3656 -
413 3609 460 3672 Ad
475 3613 606 3692 duplum
622 3616 688 3692 ipso
703 3615 821 3675 locario
841 3616 931 3676 vobis
955 3617 1086 3678 reddere
1109 3618 1258 3696 spondeo
1285 3619 1392 3678 Form.

221 3719 315 3779 Marc.
333 3721 361 3791 2,
376 3719 426 3793 36,
443 3738 474 3797 p.
491 3720 540 3792 902,
553 3721 591 3779 35
607 3718 659 3801 (2).
677 3722 752 3781 lnde
763 3723 795 3781 in
809 3724 907 3782 veteri
922 3722 1037 3799 gallico
1057 3741 1201 3784 sermone
1218 3742 1225 3784 :
1240 3721 1280 3784 Al
1301 3721 1395 3783 doble

254 4021 287 4084 (1)
306 4021 343 4070 De
361 4033 412 4084 quo
431 4020 465 4071 cf.
484 4028 623 4083 praeterea
642 4023 792 4082 Tursellin.,
811 4037 868 4087 cap.
890 4024 913 4084 8,
928 4027 942 4084 5
956 4026 978 4085 2,
994 4027 1025 4086 23
1040 4024 1153 4090 Madvig,
1170 4025 1324 4086 Gramm.,§
1342 4025 1397 4087 t'l2,

222 4122 288 4159 rom.
300 4111 329 4171 23
343 4110 468 4172 Draeger,
479 4110 544 4160 Hist.
562 4110 648 4174 Synt„
662 4113 713 4172 t.1‚
728 4126 754 4175 p.
771 4113 825 4161 580.

253 4199 287 4262 (3)
300 4197 337 4248 cl.
351 4199 571 4263 praepositionem
590 4200 618 4249 in
637 4201 730 4251 eadem
744 4201 847 4251 ratione
861 4202 995 4265 positam:
1010 4204 1140 4254 Restituta
1155 4205 1184 4253 in
1204 4204 1311 4268 duplum
1326 4204 1400 4255 omni

222 4287 375 4338 facultates.
387 4288 464 4352 Greg.
477 4289 537 4338 Tur.
559 4289 611 4340 HF.
628 4291 650 4349 i,
666 4288 689 4337 8.
709 4315 740 4325 -
758 4290 814 4339 Hoc
828 4295 868 4339 est
882 4290 910 4340 in
924 4291 1041 4354 triplum.
1055 4291 1129 4342 LSal.
1145 4293 1167 4354 1,
1183 4294 1205 4353 3,
1223 4296 1245 4342 5.
1258 4293 1305 4344 Vel
1318 4294 1401 4345 etiam

222 4376 480 4441 pro:Produplum
495 4378 682 4429 incrastinum
703 4391 777 4429 me...
799 4379 910 4430 teneatis
929 4380 1082 4431 obnoxium.
1102 4381 1191 4433 Form.
1212 4381 1294 4435 liare.
1316 4383 1341 4445 2,
1356 4384 1398 4445 35,

223 4478 249 4527 p.
270 4465 308 4526 aa,
324 4466 363 4514 rr.
1203 4456 1208 4467 '
