3084 5067
654 391 814 455 ...67-

150 558 256 619 lisera
269 557 398 618 rendae.
414 555 554 627 canaan,
571 556 633 615 DN.
650 556 758 617 16139.
775 557 872 633 lunge
887 555 982 616 etiam
995 553 1162 617 formulam
1176 554 1216 617 ad
1225 572 1317 617 unum

150 665 183 724 in
198 663 423 742 antiquissimis
434 663 645 724 monumentis
664 663 865 724 adservatam
881 680 888 723 :
904 660 930 723 Il
947 661 970 721 11
992 662 1181 741 respondent
1203 664 1264 723 tuit
1277 661 1316 724 cd

109 750 114 758 ’
149 790 201 833 uo.
222 771 362 845 Pession,
380 772 428 834 31.

190 880 410 941 (111111111111
422 884 527 940 autem
541 879 677 951 numeri,
691 895 772 957 quae
783 878 819 938 tlt
833 878 925 957 ‘apud
939 877 1067 941 Latinos
1085 877 1317 957 elegantissimo

150 987 393 1065 praepositionis
408 986 447 1047 ud
459 985 635 1047 discrimine
650 987 816 1065 scriptores
840 986 1039 1065 Merovingici
1048 987 1102 1046 vix
1116 987 1239 1063 signare
1257 1004 1318 1065 po-

150 1095 247 1153 tuisse
260 1092 406 1154 videntur
419 1092 478 1154 nisi
494 1091 643 1154 adverbio
658 1093 781 1155 circiter
803 1111 859 1172 per
872 1091 1071 1172 periphrasin
1093 1094 1252 1164 adiuncto,
1267 1091 1318 1153 vel

150 1199 304 1278 particula
319 1200 407 1280 quari
421 1201 511 1261 unice
533 1202 635 1279 posita
652 1218 659 1261 :
675 1199 840 1261 Multitudo
861 1200 1016 1261 immensa
1030 1198 1317 1261 sanctimonialium

149 1307 190 1392 ud
202 1324 360 1369 numerum
375 1307 500 1369 circiter
513 1307 730 1369 ducentarum.
748 1307 839 1386 Greg.
858 1307 930 1368 Tur.
948 1307 1006 1368 GG.
1026 1307 1094 1367 191.
1113 1341 1151 1351 -
1174 1306 1319 1367 Caecide-

149 1419 285 1492 ruutque
301 1414 344 1474 ibi
358 1414 446 1494 quusi
469 1415 627 1493 quinquae
654 1415 743 1475 milia
771 1415 922 1475 virorum.
948 1415 993 1474 ld.
1011 1414 1073 1474 HF.
1093 1416 1123 1490 9,
1140 1415 1190 1473 31.
1212 1413 1319 1491 Neque

150 1525 257 1581 tamen
273 1521 455 1584 adseverem
470 1524 598 1583 omnino
614 1522 664 1582 his
678 1521 811 1583 saeculis
821 1523 854 1582 in
867 1520 1023 1584 cotidiano
1039 1538 1182 1582 sermone
1192 1520 1318 1598 periisse

149 1628 329 1691 breviorem
339 1646 396 1707 per
408 1626 448 1690 cd
463 1629 688 1703 coniecturam,
700 1646 772 1690 cum
792 1627 844 1689 vel
862 1627 894 1688 in
909 1632 1017 1689 nostra
1035 1627 1144 1705 lingua
1157 1627 1318 1706 praeposi-

149 1735 245 1795 tionis
259 1734 415 1814 supersint
430 1736 561 1813 vestigia
576 1735 757 1797 adtributae
771 1753 915 1808 numeru,
932 1735 1044 1808 fateor,
1065 1752 1129 1795 non
1157 1737 1242 1796 certo
1266 1733 1321 1794 sed

149 1841 255 1920 potius
268 1842 391 1919 ingenti
412 1846 506 1921 atque
524 1841 710 1904 indefinito:
730 1843 870 1904 11111111
884 1844 977 1921 paien
991 1861 1011 1903 a
1023 1841 1153 1903 milliers
1167 1858 1184 1902 e
1199 1858 1218 1901 α
1233 1855 1318 1902 1111.

149 1947 221 2012 Rol.
247 1948 335 2009 1111.
354 1980 394 1995 -
408 1948 506 2011 Paien
523 1954 596 2009 sunt
611 1954 694 2010 mort
707 1967 727 2010 a
741 1948 871 2010 milliers
887 1955 918 2009 et
932 1968 951 2011 c
965 1949 1036 2010 fula.
1064 1948 1110 2010 lla
1136 1949 1223 2009 1139.
1246 1948 1318 2023 Sed,

149 2056 208 2116 etsi
218 2044 351 2133 vestigia
378 2061 561 2132 occurrant,
587 2056 723 2117 arbitror
737 2074 847 2136 reapse
862 2057 1050 2136 particulam
1066 2056 1106 2118 cd
1119 2056 1151 2115 in
1165 2054 1320 2140 latinitate

149 2162 220 2222 aevi
237 2163 441 2242 merovingiei
456 2182 512 2243 per
526 2181 558 2224 se
572 2182 636 2226 non
658 2182 751 2244 posse
775 2165 839 2224 iam
865 2164 989 2243 signare
1017 2162 1185 2224 relationes
1211 2180 1320 2224 nume-

147 2268 243 2343 rales,
259 2270 350 2330 idest
364 2269 703 2350 adpropinquationem
718 2289 798 2351 quae
827 2270 863 2332 fit
877 2272 917 2333 ad
932 2288 1100 2332 numerum
1114 2288 1171 2350 pro
1186 2270 1320 2331 termino

148 2375 307 2438 habitum.

713 2616 750 2676 ΙΙ.

190 2792 220 2872 a)
237 2793 445 2852 Transeamus
465 2811 548 2854 nunc
564 2792 605 2854 ad
624 2793 985 2872 adpropinquationnem
1016 2810 1054 2853 ex
1082 2791 1318 2871 comparatione

147 2897 396 2979 provenientem.
413 2900 523 2979 Aptior
538 2904 584 2961 est
599 2900 670 2960 enin
683 2901 874 2979 praepositio
890 2898 930 2959 ud
952 2901 978 2959 si
993 2899 1162 2977 figuratam
1172 2901 1319 2971 movendi

147 3007 305 3066 rationem
322 3006 445 3083 signare
460 3006 547 3082 velis,
564 3024 626 3085 qua
640 3024 690 3067 res
704 3006 745 3066 ad
760 3005 892 3067 alteram
905 3006 1038 3067 refertur
1048 3011 1083 3067 ut
1093 3011 1244 3085 appareat
1259 3007 1319 3066 dis-

147 3113 271 3173 crimen
284 3111 334 3173 vel
346 3111 530 3175 similitudo.
541 3114 616 3174 inde
631 3113 836 3192 comparandi
845 3114 942 3188 notio,
956 3130 1036 3191 quae
1051 3130 1114 3173 non
1128 3111 1225 3174 semel
1234 3112 1319 3192 apud

147 3220 278 3280 Latinos
291 3218 470 3280 declaratur
484 3220 640 3297 particula
656 3221 740 3280 idem
755 3238 868 3299 propre
892 3219 1016 3280 valente
1042 3238 1079 3281 ac
1094 3236 1209 3299 graeca
1221 3222 1319 3298 parti·

147 3323 223 3386 cula
246 3328 323 3408 πρός,
343 3329 380 3385 ut
404 3325 436 3384 in
449 3324 500 3386 his
517 3343 524 3385 :
539 3328 643 3398 Estne,
660 3326 820 3400 1111111111,
836 3326 1067 3389 1111118111.
1083 3327 1121 3386 At
1134 3325 1180 3386 nil
1195 3326 1235 3387 cd
1248 3344 1320 3387 uos-

146 3437 233 3491 tram
262 3432 354 3493 hanc.
384 3433 453 3493 Ter.
471 3434 549 3494 Eun.
580 3434 649 3494 361.
667 3463 706 3478 -
719 3433 929 3511 Cognovimus
947 3435 1051 3493 virum
1069 3433 1188 3494 honum
1211 3437 1242 3494 et
1256 3450 1319 3493 non

147 3537 342 3614 illiteratum,
360 3541 415 3599 sed
429 3539 508 3600 nihil
536 3538 575 3601 cd
590 3540 742 3599 Persium.
759 3539 821 3601 (lic.
845 3540 883 3601 de
908 3541 1034 3615 11111,
1058 3541 1087 3600 6.
1105 3574 1144 3584 -
1168 3538 1253 3600 Nihil
1280 3538 1320 3600 cd

147 3643 290 3705 Coelium
304 3646 359 3705 sed
370 3646 472 3724 potius
485 3646 525 3706 ad
539 3645 741 3725 antiquorum
751 3646 936 3725 languorem
946 3651 1038 3724 atque
1049 3645 1258 3707 inscientiam.
1271 3645 1316 3706 ld.

148 3751 189 3811 de
200 3749 260 3829 leg.
278 3752 307 3824 1,
324 3752 753 3825 1.-1111111111111111111,
772 3755 817 3814 sic
833 3754 940 3815 decem
951 3753 1133 3814 aduentum.
1145 3752 1270 3824 Quintil.
1287 3754 1316 3827 5,

149 3858 200 3928 11,
217 3858 265 3917 31.
284 3856 378 3918 Cuius
393 3861 439 3919 rei
452 3876 508 3937 per
522 3877 554 3920 se
582 3860 656 3920 satis
672 3859 844 3920 illustratae
862 3860 1020 3939 proferam
1043 3861 1148 3920 statim
1174 3857 1319 3938 exempla

147 3964 318 4042 quaedam,
327 3970 362 4024 ut
376 3970 526 4043 appareat
540 3983 601 4044 quo
617 3965 777 4028 simillimo
797 3968 891 4028 modo
916 3968 1147 4028 construxerint
1161 3966 1319 4027 interdum

147 4072 260 4131 Patres
274 4070 383 4132 Gallici
398 4074 572 4134 orationem
590 4074 680 4134 :Non
695 4079 797 4153 potest
811 4077 987 4154 comparari
1002 4076 1090 4153 quasi
1105 4073 1143 4135 cd
1159 4074 1254 4135 aliud.
1272 4075 1316 4135 dl.

146 4179 243 4238 11111.
261 4179 298 4239 dc
314 4183 408 4251 statu,
431 4179 459 4252 1,
476 4180 524 4239 19.
541 4214 581 4224 -
595 4180 683 4252 Quod
707 4186 753 4242 est
763 4182 843 4260 lapis
862 4181 902 4242 cd
921 4183 1096 4243 inanimum
1110 4182 1228 4254 vivens,
1257 4182 1319 4244 hoc

147 4289 196 4346 est
210 4283 385 4346 inanimum
399 4287 508 4346 vivens
526 4287 566 4348 od
587 4287 760 4349 animatum
774 4290 892 4350 vivens.
922 4289 967 4349 Id.
985 4288 1028 4349 ib.
1048 4290 1078 4360 1,
1096 4290 1144 4349 13.
1168 4290 1319 4350 -Unius

145 4392 187 4455 ad
201 4410 300 4453 unum
315 4397 345 4453 11
359 4393 493 4455 duorum
508 4394 547 4457 ad
562 4395 636 4472 duo,
654 4400 685 4457 et
698 4395 795 4458 trium
805 4396 844 4458 ad
853 4398 915 4456 tria
928 4414 1056 4460 summa
1070 4396 1243 4476 aequalitas
1258 4402 1316 4457 est.

144 4499 193 4560 ld.
217 4498 262 4559 111.
279 4500 308 4573 1,
326 4500 356 4571 5,
372 4501 401 4561 1.
