3084 5067
745 332 904 396 ..ss-

244 508 340 570 quam
353 508 436 566 raro,
453 491 642 555 infinitivum
656 494 786 556 modum
800 512 871 558 cum
881 495 1111 575 praepositione
1121 492 1313 573 copulatum.
1325 492 1410 554 Haec

244 600 440 680 inpromptu
455 601 534 661 mihi
549 606 622 662 sunt
637 603 782 682 exempla
798 622 805 665 :
819 602 875 665 Vel
898 602 938 665 od
960 604 1170 683 1111111111νο
1192 600 1241 663 vel
1256 600 1297 663 ad
1319 617 1409 662 exco-

243 705 372 768 lendum
384 708 464 768 mibi
478 709 621 769 relaxare
640 710 798 772 deberitis.
828 711 933 773 Form.
960 709 1020 772 Sld.
1039 713 1067 786 7,
1084 710 1201 789 11113,
1218 708 1267 768 33.
1282 705 1410 768 -uihi

242 813 453 892 prestitissetis
467 815 507 876 od
522 814 642 877 bebere.
665 818 768 879 Form.
789 817 844 879 SL.
860 820 889 892 3,
916 837 948 898 p.
976 818 1046 890 169,
1059 819 1089 877 5.
1105 847 1145 862 -
1158 816 1258 877 Usum
1272 814 1410 876 fructua-

241 921 325 982 rium
339 922 428 983 vobis
452 940 490 983 ex
506 925 550 983 eis
577 926 820 1002 prestitissemus
835 925 875 987 od
902 925 1023 986 babere.
1053 924 1099 984 lb.
1114 925 1144 998 1,
1175 941 1206 1002 p.
1223 922 1293 996 969,
1309 922 1359 981 33.
1371 953 1410 965 -

241 1028 337 1089 Plubs
351 1029 497 1091 obteneat
509 1048 559 1090 me
571 1029 611 1091 od
625 1029 735 1092 bebere
749 1049 842 1110 quem
853 1034 950 1111 ipsius
963 1032 1026 1093 lue.
1043 1032 1126 1093 Gart.
1146 1029 1217 1091 Sen.
1228 1029 1279 1103 21,
1290 1047 1323 1107 p.
1340 1029 1409 1099 191,

241 1135 291 1196 93.
307 1168 348 1182 -
362 1136 519 1198 Erubesco
533 1137 668 1198 scribere
683 1139 767 1216 quod
783 1157 896 1218 parum
918 1139 1033 1200 resedit
1047 1137 1091 1199 od
1107 1138 1227 1216 offerro.
1245 1135 1352 1196 TBert.
1378 1154 1409 1213 p.

239 1239 309 1316 260,
328 1240 356 1301 1.
375 1241 449 1304 lnde
464 1244 590 1322 quidem
605 1248 761 1306 structura
775 1262 856 1324 quae
871 1244 958 1306 finali
981 1251 1106 1324 quoque
1120 1260 1214 1304 sensu
1236 1258 1293 1321 per
1307 1240 1412 1301 inlini·

240 1347 341 1409 tivum
355 1348 529 1428 particulae
540 1350 724 1414 adiunctum
738 1352 914 1431 praevaluit
927 1353 960 1411 in
975 1351 1085 1429 lingua
1102 1354 1210 1412 nostra
1222 1364 1294 1411 oum
1308 1346 1412 1408 verbis

240 1455 336 1516 dandi
351 1460 383 1516 et
395 1456 549 1533 tradendi,
566 1460 752 1536 praesertim
767 1475 839 1520 cum
854 1465 931 1520 estro
945 1462 976 1519 et
989 1458 1076 1520 avoir
1089 1456 1291 1518 substantivis
1307 1473 1314 1516 :
1333 1454 1414 1520 Ttut

240 1576 311 1623 com
321 1562 344 1622 il
354 1561 395 1624 ad
409 1581 429 1625 o
442 1564 539 1626 vivre.
556 1564 671 1640 Alexis,
700 1566 749 1627 33.
766 1598 806 1612 -
830 1567 906 1626 Μ111
932 1584 967 1628 11
993 1564 1065 1645 plus
1078 1582 1192 1645 povres
1215 1562 1245 1624 le
1273 1562 1368 1623 donet
1392 1577 1414 1621 0

239 1671 391 1747 maugier.
409 1671 454 1732 lb.
466 1672 515 1732 51.
531 1706 571 1717 -
587 1673 641 1734 Tei
654 1675 794 1735 covenist
808 1673 912 1735 belme
926 1678 957 1735 et
970 1673 1080 1734 brouie
1091 1690 1111 1733 1
1121 1675 1237 1752 porter.
1249 1670 1295 1731 lb.
1310 1670 1360 1731 83.
1372 1700 1414 1718 —

239 1775 300 1838 Geo
315 1781 361 1839 est
374 1795 393 1839 a
407 1777 508 1840 saveir
522 1797 581 1858 par
595 1784 744 1858 quatorze
756 1779 870 1841 humes
883 1778 972 1841 leals.
985 1780 1057 1840 bois
1071 1779 1110 1840 de
1121 1777 1213 1842 Guill.
1224 1777 1415 1840 lle-llum

239 1899 279 1945 ne
294 1882 421 1946 citetn’i
435 1889 480 1946 est
494 1901 625 1947 ramese
638 1885 788 1948 fraindre.
806 1885 875 1947 Rol.
891 1887 921 1947 5.
937 1918 979 1933 -
990 1886 1190 1964 L'emperedr
1201 1884 1225 1945 li
1244 1881 1414 1945 cumandet

238 2008 259 2052 0
280 1990 426 2068 guardam
443 1991 487 2052 lb.
503 1992 593 2052 1511.
610 1994 751 2067 -11111,
767 1994 800 2054 ki
814 1997 883 2055 tout
893 2011 961 2056 110
978 1992 1115 2054 baillier.
1131 1991 1284 2064 1111101111,
1300 1991 1414 2052 901.-

238 2095 291 2159 Ele
306 2099 395 2159 esteit
410 2116 429 2159 0
442 2102 569 2161 moriar.
579 2099 665 2172 Brut,
679 2100 767 2163 1838.
780 2101 904 2161 -blari
924 2118 943 2161 0
957 2099 1091 2178 prendre
1106 2096 1299 2162 m’otroient.
1314 2095 1413 2159 Gbev.

238 2221 280 2265 au
293 2203 378 2285 lyon.
395 2205 614 2267 tota-Rieu
630 2204 702 2266 nule
717 2206 870 2268 aieirene
885 2205 1041 2268 redotlb.
1053 2204 1290 2269 199θ.-.-11101
1304 2221 1364 2283 que
1378 2208 1415 2266 tu

238 2328 273 2371 as
287 2329 307 2372 a
319 2312 445 2389 garder.
459 2312 550 2373 Huon
564 2313 602 2373 de
616 2313 650 2374 B.
664 2313 756 2375 5150.
777 2344 818 2360 -
828 2314 906 2374 Dieu
920 2313 974 2392 qui
996 2317 1066 2373 tout
1088 2330 1108 2373 a
1132 2330 1152 2373 o
1166 2312 1291 2389 garder.
1308 2311 1411 2385 Bertn,

238 2418 288 2479 96.
304 2449 345 2464 -
358 2418 426 2480 Une
441 2424 529 2480 autre
544 2420 645 2498 partie
661 2421 850 2481 commanda
862 2419 887 2481 li
906 2436 1002 2481 cuens
1016 2418 1055 2479 de
1078 2436 1135 2482 son
1151 2419 1239 2480 avoir
1251 2436 1271 2479 0
1282 2416 1411 2480 retenir.

238 2523 354 2587 villeh.
371 2525 421 2585 36.

277 2630 306 2711 0)
322 2633 517 2695 constructio
532 2638 638 2695 autem
653 2636 790 2697 occurrit
800 2635 910 2710 altera,
927 2651 1008 2714 quaa
1020 2633 1256 2712 apraaoedente
1271 2631 1412 2711 quodam

237 2739 333 2801 modo
343 2742 466 2818 seiungi
476 2741 599 2803 debeat.
611 2743 697 2804 llano
707 2742 776 2803 fieri
788 2742 857 2804 dico
866 2743 899 2802 in
909 2742 1024 2819 gallica
1030 2744 1139 2802 nostra
1148 2739 1256 2818 lingua
1267 2740 1414 2818 quotiens

238 2847 396 2909 intercidit
409 2849 426 2909 d
439 2849 552 2927 copula
567 2851 649 2910 inter
673 2849 863 2912 infinitivum
890 2848 1066 2927 praedicati
1093 2848 1178 2909 vices
1191 2849 1353 2925 gerentem
1381 2849 1414 2906 et

235 2953 332 3015 verba
345 2954 530 3035 plerumque
545 2956 659 3034 agendi
673 2957 799 3020 initium
813 2956 984 3036 signantia.
1007 2955 1109 3020 Latini
1129 2954 1215 3015 enim
1234 2952 1285 3014 his
1305 2951 1412 3014 verbis

236 3060 448 3128 adiunxerant
457 3062 560 3123 solum
581 3062 784 3137 infinitivum,
811 3062 899 3122 utin
927 3062 978 3122 his
993 3079 1001 3122 z
1018 3062 1133 3121 Facere
1158 3059 1288 3137 incepit.
1303 3057 1407 3122 Plaut.

235 3166 326 3230 Truo.
347 3167 376 3242 2,
389 3169 418 3243 5,
435 3169 484 3232 11.
496 3170 660 3231 —Ganere
675 3169 837 3248 incipiam.
851 3169 945 3248 Verg.
972 3168 1085 3248 Georg.
1102 3167 1132 3240 1,
1150 3168 1181 3230 5.
1198 3200 1238 3211 -
1253 3165 1332 3227 tlum
1346 3166 1411 3244 pri·

235 3290 322 3334 mum
349 3274 457 3353 pabuli
485 3277 575 3356 eopia
602 3293 670 3337 ease
697 3276 860 3355 inciperet.
885 3276 973 3338 Gaes.
1004 3274 1065 3337 BG.
1081 3274 1112 3351 9,
1134 3273 1264 3335 1.-91
1281 3271 1409 3351 quando

236 3380 397 3442 abundare
412 3399 556 3460 coepero.
571 3383 636 3447 Gic.
652 3384 693 3445 ad
703 3381 766 3442 Att.
783 3383 812 3457 1,
828 3385 861 3445 1.

276 3488 424 3561 Quamvis
434 3490 520 3569 apud
533 3495 723 3553 structuram
737 3507 854 3552 novam
868 3487 1086 3569 pereatiinalis
1099 3504 1209 3550 sensus
1219 3485 1409 3567 particulae,

237 3612 300 3657 non
313 3613 442 3675 prorsus
455 3596 614 3658 aberrabit
633 3599 659 3658 si
683 3598 754 3677 quia
776 3598 931 3677 originem
945 3596 1016 3658 usui
1036 3594 1182 3658 tribuerit
1194 3610 1257 3673 quo
1269 3592 1310 3656 od
1323 3593 1409 3654 inse-

235 3707 350 3781 quente
365 3704 518 3781 gerundio
533 3703 660 3766 finalem
675 3721 802 3767 sensum
825 3703 967 3765 declarat
989 3706 1060 3780 post
1086 3700 1183 3763 eundi
1196 3698 1246 3761 vel
1260 3698 1411 3761 movendi

234 3808 342 3871 verba.
359 3808 448 3881 Quod
476 3827 550 3872 sana
565 3827 658 3890 saepe
679 3810 746 3872 fieri
768 3810 853 3889 apud
881 3810 1041 3870 Romanos
1067 3811 1099 3868 et
1120 3806 1308 3886 praesertim
1322 3804 1410 3883 apud

234 3916 460 3994 Merovingicos
473 3918 537 3977 iam
561 3936 657 3996 supra
683 3917 832 3980 vidimus.
852 3916 927 3976 Inde
954 3913 1184 3976 adsimilatione
1211 3912 1351 3992 quadam
1377 3916 1411 3973 et

235 4022 458 4101 prorogatione
472 4042 546 4084 usus
560 4024 685 4085 extendi
699 4024 802 4103 potuit
816 4026 887 4102 post
900 4022 996 4083 verba
1011 4038 1091 4100 quae
1106 4020 1220 4099 agendi
1243 4016 1411 4080 notionem

236 4129 414 4205 declarant;
426 4148 484 4192 nec
499 4131 597 4193 semel
610 4130 650 4192 od
661 4131 776 4211 copula
799 4130 957 4192 intercidit
980 4130 1026 4189 ita
1047 4129 1176 4207 proprio
1193 4124 1339 4205 gerundii
1353 4142 1411 4186 ex-

236 4233 323 4297 cluso
339 4254 431 4299 sensu
441 4242 477 4298 ut
490 4237 603 4299 abono
617 4238 770 4300 latinitate
782 4237 883 4298 multo
897 4236 1078 4315 plusquam
1099 4232 1169 4295 aliis
1183 4233 1262 4306 locis
1278 4230 1411 4298 barbari

235 4343 401 4422 scriptores
415 4344 619 4407 abhorreant.
633 4345 777 4424 Seposita
787 4345 825 4405 de
835 4344 991 4405 industria
1003 4358 1088 4406 nunc
1099 4340 1254 4421 prodeant
1261 4336 1411 4417 exempla

236 4449 390 4542 nonnulla
401 4450 514 4534 quibus
529 4451 756 4513 monstrabitur
768 4468 831 4529 qua
844 4452 897 4513 via
924 4453 955 4511 et
983 4449 1106 4511 ratione
1132 4448 1214 4508 inter
1226 4446 1315 4509 duos
1332 4462 1410 4507 usus
