3084 5067
640 370 802 432 -96-

136 538 192 598 tin.
214 537 355 612 1,6,16
372 565 414 581 -
433 536 577 597 Pressum
599 529 707 614 pectus
727 532 896 613 angoribus
914 532 956 595 cd
977 534 1095 595 umoris
1115 532 1212 596 verbu
1232 553 1295 598 uon

137 645 226 723 erigi.
241 644 361 706 Ennod.
378 661 427 723 ep.
444 644 474 715 3,
490 644 519 703 2.
624 659 626 662 ·

175 749 293 824 Quibus
308 750 468 830 expositis,
486 756 522 812 ut
544 749 629 812 eliud
653 767 691 811 ex
714 749 788 825 6116,
802 753 1000 811 transeamus
1015 750 1087 813 licet
1102 751 1142 813 ud
1156 751 1301 832 exemplu

136 859 372 937 escriptoribus
388 856 604 937 Merovingicis
619 859 723 919 ductu.
740 858 802 917 Nec
825 858 883 917 erit
904 856 1002 917 ullum
1023 876 1152 937 prorsus
1172 857 1301 938 'impedi-

137 969 275 1026 mentum
289 963 363 1043 quiu
379 965 418 1025 cd
434 982 472 1025 66
486 964 661 1026 ordinanda
680 964 804 1025 ratione
825 964 935 1025 eadem
957 969 1092 1040 utemur,
1108 984 1180 1027 cum
1193 965 1301 1027 intima

135 1071 275 1134 latinitas
289 1087 398 1133 omues
417 1073 594 1151 praedictos
614 1089 690 1132 usus
710 1070 882 1132 retinuerit.
900 1071 1079 1133 Observabo
1094 1076 1215 1133 tautum
1229 1091 1300 1135 666-

137 1179 298 1256 gruentiue
312 1173 463 1258 simplicis
475 1180 635 1240 notionem
648 1177 879 1258 praepositione
892 1176 933 1239 ad
947 1179 1102 1256 signatum
1115 1179 1300 1259 praesertim

136 1286 221 1364 opud
235 1285 370 1348 Gallicos
384 1286 494 1347 Patres
507 1285 557 1347 vel
571 1285 655 1365 apud
673 1289 782 1364 poetes
801 1283 1004 1346 classicorum
1022 1284 1196 1348 imitatores
1215 1303 1301 1366 repe·

136 1391 209 1466 riri3
224 1394 491 1455 constructionem
504 1409 580 1454 vero
592 1409 675 1471 quse
688 1409 748 1471 pro
766 1390 964 1453 instrumenti
979 1391 1115 1455 ablativo
1128 1394 1233 1456 verbis
1247 1410 1301 1455 seu

136 1498 245 1560 activis
261 1516 318 1560 seu
329 1498 463 1579 passivis
482 1499 669 1561 cohaerente
690 1497 828 1577 ponitur,
841 1498 906 1559 iam
928 1499 1007 1561 udec
1031 1499 1243 1579 praevaluisse
1267 1506 1301 1562 ut

136 1603 177 1664 ab
190 1603 245 1666 illc
258 1603 328 1685 ipso
340 1605 367 1666 si
378 1606 558 1668 adsensum
572 1603 761 1681 adtendens,
772 1604 1002 1684 inquibusdam
1016 1604 1151 1670 locisrix
1165 1605 1301 1669 (11666161

135 1712 247 1789 possit.

177 1818 207 1898 a)
221 1815 268 1879 Aa
285 1819 365 1881 haec
385 1837 457 1881 cum
475 1819 625 1880 Martinus
645 1822 774 1881 tuceret.
797 1817 882 1898 Sulp.
904 1820 1042 1881 VSllart.
1065 1821 1116 1893 21,
1131 1821 1161 1882 0.
1176 1853 1217 1866 -
1230 1820 1302 1882 Vult

135 1941 194 1985 uos
209 1927 343 2002 gretiam
358 1926 491 1987 061666
505 1924 545 1987 od
559 1925 698 2002 singulos
712 1930 799 1986 actus
813 1926 966 2004 accipere.
979 1927 1090 2006 Prosp.
1102 1928 1141 1988 de
1152 1927 1235 1990 Gret.
1250 1928 1299 2003 11,

135 2032 166 2092 2.
182 2059 223 2077 -—
241 2031 297 2109 Egi
317 2032 452 2095 adhaec
476 2032 605 2110 gratiss.
629 2032 737 2095 Sidon.
756 2049 807 2110 ep.
827 2034 857 2107 1,
878 2032 928 2108 23,
942 2051 974 2112 p.
990 2034 1061 2095 121.
1075 2066 1117 2082 -
1129 2033 1248 2106 Quidve
1261 2033 1302 2096 ud

135 2137 198 2199 hoc
212 2140 348 2200 sentiant
362 2127 470 2218 optimi
484 2139 609 2219 quique.
624 2140 669 2200 ld.
685 2139 728 2200 ib.
744 2140 775 2211 9,
791 2140 821 2212 1,
837 2156 869 2218 p.
881 2140 951 2201 230.
961 2172 1003 2186 -
1015 2138 1062 2202 Aa
1076 2142 1155 2203 haec
1168 2141 1221 2202 ille
1236 2142 1300 2204 cla·

136 2262 224 2306 mare
239 2246 342 2325 eoepit
355 2265 433 2308 voce
448 2265 576 2325 magna.
592 2246 684 2325 Greg.
703 2247 778 2308 Tur.
795 2247 858 2309 Ha.
874 2247 904 2318 e,
918 2248 969 2309 19.

177 2351 207 2432 b)
222 2353 374 2416 Continuo
393 2353 433 2415 ad
452 2355 590 2433 primum
612 2355 764 2415 sermonis
784 2354 951 2433 imperium
975 2355 1190 2416 constiterunt.
1211 2355 1298 2434 Sulp.

66 2511 70 2520 .
136 2459 210 2520 dial.
226 2461 257 2534 2,
272 2462 302 2533 9,
318 2462 348 2523 6.
363 2462 526 2522 -Petrus
541 2460 631 2522 fissus
646 2460 685 2522 ud
699 2459 793 2521 huius
812 2465 974 2540 aspectum
994 2460 1106 2523 crucis
1124 2462 1212 2525 Paul.
1229 2463 1298 2525 Nol.

136 2584 186 2646 ep.
202 2568 252 2641 31,
270 2568 299 2630 1.
314 2600 354 2614 -
368 2570 456 2629 Dona
470 2567 580 2629 salutis
594 2566 634 2628 od
648 2572 766 2628 tactum
785 2567 897 2629 medici
914 2568 1064 2646 paulatim
1078 2569 1183 2629 infusa
1196 2586 1300 2631 recur-

136 2679 220 2735 runt.
237 2674 325 2736 Paul.
341 2676 424 2735 Petr.
440 2676 556 2736 Vliart.
574 2675 602 2747 1,
620 2693 650 2753 p.
668 2674 757 2749 1026,
773 2674 806 2733 Β.
823 2704 864 2719 -
881 2672 928 2735 Ac
948 2674 1066 2735 fumum
1086 2675 1164 2737 tenti
1186 2674 1301 2756 ruptim

136 2780 286 2842 effluxere
300 2780 454 2861 magistri.
468 2782 511 2843 ld.
526 2781 568 2843 ib.
586 2784 616 2855 1,
633 2800 664 2861 p.
682 2781 772 2854 1012,
793 2781 828 2843 Β.
845 2812 886 2830 ·-
902 2779 948 2842 Aa
970 2781 1105 2842 nominis
1128 2780 1172 2842 tui
1196 2800 1301 2845 rumo-

135 2904 204 2948 rem
218 2905 432 2967 personaeque
451 2892 665 2967 eonspeetum‚
683 2889 853 2949 exercitum
874 2886 1168 2950 exercitatissimum
1193 2893 1302 2968 stupor

136 2992 250 3055 obruit.
262 2992 368 3057 Sidou.
386 3013 435 3074 ep.
451 2996 481 3067 3,
498 2996 527 3070 3,
540 3012 571 3074 p.
583 2994 633 3056 66,
646 3025 687 3041 -
698 2994 810 3055 Lcetor
823 2994 863 3056 ad
876 2999 993 3073 punctu
1007 2996 1147 3057 censoris
1162 2996 1302 3056 omnium

136 3116 213 3160 voce
228 3099 448 3163 concelebrati.
460 3101 504 3182 ld.
515 3101 559 3162 ib.
571 3102 602 3172 8,
613 3102 644 3173 6,
657 3118 688 3180 p.
700 3100 769 3160 221.
783 3133 822 3145 -
835 3098 882 3162 Aa
895 3100 1049 3163 elevatum
1062 3118 1171 3162 vocem
1187 3100 1302 3163 deden-

135 3205 215 3266 tium
236 3206 339 3286 coepit
359 3206 495 3286 crepitus
520 3206 667 3268 dammae
689 3207 851 3269 decedere.
868 3207 960 3285 Greg.
978 3208 1050 3268 Tur.
1066 3207 1132 3269 vai.
1148 3210 1178 3282 1,
1195 3208 1245 3270 11.
1261 3241 1302 3258 «-

135 3311 279 3373 01661661
289 3312 328 3374 cd
336 3330 447 3391 preces
456 3313 534 3374 haec
544 3312 628 3374 beati
640 3312 699 3374 viri
714 3313 810 3374 fuisse
823 3313 983 3392 largitum.
993 3314 1039 3377 ld.
1049 3314 1112 3376 VP.
1123 3316 1152 3389 1,
1162 3316 1193 3376 1.
1205 3313 1302 3376 -Ad

134 3418 215 3480 tanti
229 3418 288 3481 viri
302 3421 420 3481 samam
435 3425 603 3499 coeperunt
618 3419 747 3499 quidem
761 3420 802 3480 ad
817 3437 889 3481 eum
904 3420 1073 3483 confluere.
1089 3421 1136 3482 ld.
1150 3422 1194 3484 ib.
1205 3422 1255 3497 11,
1269 3422 1299 3484 2.

136 3557 172 3572 ·-
189 3527 283 3587 Gaius
297 3525 337 3588 cd
351 3526 517 3607 imperium
535 3525 692 3588 transtulit
711 3526 797 3587 unde
815 3527 928 3590 locum.
945 3529 1073 3589 llortun.
1090 3545 1187 3590 carm.
1204 3529 1234 3601 3,
1251 3530 1300 3608 10,

135 3633 186 3694 28.
203 3665 243 3678 -·
259 3631 306 3694 Ad
324 3632 425 3695 crucis
447 3632 616 3711 imperium
635 3637 684 3693 est
702 3631 747 3693 ire
769 3638 878 3695 coacte
898 3639 994 3695 retro.
1018 3634 1062 3694 ld.
1079 3632 1121 3694 ib.
1138 3635 1187 3708 10,
1200 3635 1233 3707 6,
1249 3635 1300 3698 16.

133 3772 175 3788 -
189 3741 283 3801 Cuius
296 3738 336 3800 cd
354 3745 516 3818 aspectum
537 3745 663 3800 sanctus
683 3738 779 3799 hebet
801 3756 855 3799 ore
879 3757 1035 3817 represso.
1051 3739 1097 3801 ld.
1112 3738 1251 3803 VSliert.
1269 3742 1300 3815 2,

134 3848 205 3908 293.
222 3843 354 3906 -Dum
368 3845 408 3906 od
423 3847 504 3924 signi
518 3863 630 3906 sonum
644 3846 675 3904 in
690 3844 865 3923 praefetam
880 3844 1044 3906 basilicam
1069 3847 1110 3907 ed
1132 3848 1301 3907 matutinos

136 3971 169 4014 se
184 3950 347 4013 intulisset.
363 3951 408 4013 ld.
424 3951 567 4013 VSLeob.
584 3952 633 4012 12,
651 3981 688 3997 -
704 3948 762 4020 Qui
777 3968 848 4011 reus
863 3955 894 4010 et
909 3953 1052 4012 conscius
1076 3956 1124 4012 est
1145 3954 1191 4012 rei
1211 3970 1301 4032 prae-

135 4060 230 4131 fatae,
255 4057 295 4119 od
318 4059 378 4120 hoc
401 4056 551 4136 pabulum
575 4056 759 4118 sanctificati
783 4055 911 4135 penis...
939 4062 1053 4119 tremet
1079 4064 1110 4118 et
1137 4058 1301 4121 tremendo

134 4165 262 4245 palleat.
278 4165 382 4224 Form.
399 4181 504 4225 exoro.
520 4164 550 4238 5,
564 4182 597 4242 p.
613 4165 683 4226 655.
698 4197 737 4208 -
756 4164 789 4224 Si
810 4163 850 4224 ud
873 4163 1042 4226 secundem
1066 4164 1301 4243 inquisitionem

134 4288 210 4333 eum
224 4270 354 4332 reddere
368 4269 514 4332 uoluerit.
529 4270 631 4348 Capit.
645 4270 708 4331 KG.
723 4288 754 4330 a.
771 4270 841 4342 861,
859 4287 890 4349 p.
906 4270 978 4342 192,
996 4270 1045 4330 18.
1061 4271 1159 4348 lunge
1172 4272 1302 4350 iusuper

133 4377 305 4439 verborum
333 4373 595 4437 constructionem
619 4377 651 4436 in
678 4374 802 4436 Ghsrtis
827 4374 878 4435 vel
900 4374 1056 4437 Formulis
1079 4376 1301 4455 merovingicis

133 4484 431 4563 frequentissimam,
454 4501 517 4564 que
536 4481 729 4563 praepositio
750 4481 790 4543 od
807 4480 892 4544 vices
911 4480 1021 4561 implet
1041 4482 1168 4546 ablativi
1192 4500 1298 4546 couse-
