3084 5067
738 393 896 454 ΛΞ..

233 556 377 630 arbitror,
395 573 467 617 cum
481 556 514 616 in
528 554 737 615 deterioribus
766 555 836 614 aeri
858 552 1062 629 merovingici
1087 550 1304 612 instrumentis
1318 549 1407 611 dete·

232 668 335 745 gatur,
353 679 487 741 cumque
500 661 552 723 hic
563 661 665 722 solum
680 661 915 741 superadditam
929 659 1019 720 alteri
1032 659 1256 739 praepositioni
1268 659 1407 737 particu-

232 770 295 831 lam
307 771 436 831 habeas.
453 770 520 830 Duo
539 770 757 829 tantummodo
778 765 857 828 mihi
873 767 984 828 suntin
999 772 1147 846 promptu
1157 767 1330 844 specimina
1347 782 1354 825 :
1370 764 1409 825 ln

233 878 435 954 Samarciago
454 875 494 937 ud
513 894 608 955 prope
626 877 834 937 Cenomannis
859 876 995 936 civitate.
1027 869 1134 934 TBert.
1165 891 1195 950 p.
1221 872 1290 944 256,
1319 872 1350 934 1.
1367 905 1408 915 -

232 985 426 1046 Mansionam
441 982 480 1043 ad
499 1000 595 1061 prope
612 982 715 1062 ipsam
742 982 830 1044 lona.
860 981 946 1042 Ghbl.
970 980 1040 1049 300,
1058 998 1087 1041 a.
1103 979 1174 1051 642,
1203 995 1235 1056 p.
1252 979 1301 1039 70.
1330 977 1407 1038 lude

233 1091 361 1168 quidem
390 1093 494 1149 ortum
522 1094 569 1148 est
588 1090 786 1150 romanicum
800 1092 945 1150 nostrum
960 1086 1053 1167 apros
1073 1084 1151 1165 (var.
1169 1084 1267 1164 apres,
1284 1084 1406 1163 oprtet,

233 1195 363 1276 aproel),
387 1197 441 1257 sed
466 1214 560 1257 sensu
574 1196 734 1256 interdum
763 1198 883 1256 mutato
913 1200 944 1256 et
970 1194 1055 1254 idem
1083 1192 1148 1253 fere
1175 1189 1297 1253 valente
1312 1195 1408 1269 atque

234 1301 383 1380 gallicum
402 1304 500 1381 apris,
518 1307 553 1363 ut
566 1321 604 1363 ex
617 1303 666 1363 bis
692 1306 778 1381 patet
794 1302 871 1363 locis
888 1319 894 1361 ε
913 1301 990 1361 Tute
1006 1318 1040 1361 sa
1070 1299 1183 1359 brunie
1196 1297 1286 1377 apros
1311 1297 1335 1357 li
1364 1297 1409 1358 ad

234 1406 386 1471 desclose.
407 1408 476 1471 ltol.
495 1409 583 1471 1577.
600 1443 638 1453 -
662 1409 694 1470 Si
709 1409 788 1469 altre
802 1408 935 1486 veinged
950 1405 1044 1486 apros
1053 1406 1171 1466 dedenz
1193 1403 1266 1465 l'an.
1283 1403 1353 1464 bois
1368 1405 1410 1465 de

233 1513 324 1577 Guill.
341 1515 605 1594 5.-sia1quens
633 1514 764 1593 vienged
776 1514 870 1594 apres
889 1532 949 1596 pur
974 1511 1091 1575 clamer
1115 1512 1147 1574 la
1171 1529 1255 1574 cose.
1269 1511 1314 1573 lb.
1330 1511 1410 1571 6.-

231 1620 348 1702 Apros
362 1624 423 1683 mei
437 1622 621 1701 lungement
634 1624 749 1683 vivrez.
774 1621 910 1696 Tristan,
928 1622 957 1695 2,
972 1640 1005 1700 p.
1022 1620 1070 1681 78.
1243 1643 1246 1650 >

272 1728 304 1810 b)
318 1730 558 1791 Enumerandae
573 1733 646 1790 sunt
661 1731 756 1790 etiam
772 1728 854 1789 aliae
868 1726 1043 1789 locutiones
1072 1724 1142 1805 plus
1165 1723 1270 1787 minus
1297 1721 1410 1786 advar-

233 1835 357 1898 bialiter
371 1838 501 1915 positae,
522 1835 577 1897 sed
588 1834 840 1897 distinctionibus
854 1833 1114 1896 intercidentibus
1130 1852 1137 1895 :

273 1943 305 2002 1⁰
319 1940 366 2003 Ad
387 1950 511 2017 terrum,
532 1961 626 2021 quam
642 1941 743 2004 Latini
756 1959 913 2021 nusquam
941 1940 1162 2015 adhibuerunt,
1188 1940 1249 2001 nisi
1262 1940 1413 2001 adiuncta

235 2049 383 2111 movendi
408 2050 544 2122 notione,
563 2054 596 2109 ut
627 2050 659 2109 iu
683 2049 767 2110 boc:
790 2048 948 2126 Adfligam
975 2046 1140 2108 adterrum
1153 2051 1196 2109 te.
1210 2045 1315 2109 Plaut.
1327 2045 1411 2109 Rud.

234 2157 324 2218 1010.
340 2156 515 2216 Posuerunt
529 2158 624 2216 etiam
644 2156 768 2235 saepius
784 2157 973 2233 genetivum,
991 2154 1046 2214 sed
1075 2172 1130 2232 pro
1155 2152 1296 2215 obsoleto
1315 2152 1412 2213 locali

235 2280 329 2323 casu:
345 2262 461 2322 Terrae
473 2261 692 2340 procumbere.
705 2259 795 2321 Ovid.
807 2265 881 2322 met.
898 2261 928 2335 1,
943 2261 1013 2322 315.
1029 2293 1069 2305 -
1083 2260 1178 2320 Humi
1188 2258 1410 2339 procumbere.

235 2369 329 2448 Verg.
346 2368 462 2443 Aen.5,
479 2370 548 2431 181.
575 2368 665 2448 Apud
694 2368 842 2429 classicos
858 2372 1001 2428 auctores
1025 2366 1140 2428 dicitur
1155 2367 1280 2427 excluso
1297 2370 1385 2427 motu
1402 2384 1411 2426 ι

237 2475 321 2537 bumt'
347 2478 472 2555 iucerc;
498 2477 553 2536 sed
579 2475 662 2555 apud
691 2476 859 2553 scriptores
888 2478 999 2537 contra
1022 2472 1248 2552 Merovingicos
1275 2473 1416 2534 occurrit

237 2582 453 2662 praepositio:
475 2583 581 2643 iacens
609 2583 649 2643 cd
677 2590 801 2643 terram.
831 2582 976 2659 VEupbr.
1004 2581 1053 2643 11.
1078 2579 1243 2641 Simillima
1262 2581 1293 2639 ln
1313 2577 1415 2640 veteri

237 2695 346 2751 nostra
368 2689 480 2768 lingua
504 2693 624 2751 ratione
643 2709 650 2750 :
672 2692 715 2751 Lo
741 2708 849 2768 sagsu
877 2697 960 2750 terra
989 2706 1074 2751 curr.
1095 2688 1239 2760 Passion,
1258 2688 1307 2748 32.
1324 2720 1364 2730 -
1380 2683 1414 2747 Li

238 2816 336 2875 quens
352 2798 480 2859 llollanz
489 2799 553 2859 veit
563 2797 775 2875 l'arcevesque
790 2814 809 2857 u
823 2803 896 2857 tere.
910 2795 978 2856 Rol.
996 2795 1089 2854 1116.
1103 2795 1169 2855 Huc
1184 2796 1280 2854 etiam
1295 2793 1415 2855 referre

237 2903 331 2964 liceat
344 2903 506 2965 classicam
520 2905 703 2965 Latinorum
717 2901 799 2963 domi
807 2901 986 2977 formulam,
999 2918 1095 2980 quam
1106 2900 1139 2960 in
1155 2899 1307 2978 exemplis
1318 2917 1416 2977 supra

238 3011 338 3071 citatis
354 3009 551 3071 deturbatam
566 3009 703 3070 vidimus
721 3009 933 3070 locutionibus
947 3007 987 3069 ad
1012 3008 1141 3086 domm,
1158 3006 1416 3070 admeruissem.

278 3117 311 3176 2⁰
326 3117 513 3178 locutiones
528 3121 602 3177 sunt
615 3132 741 3194 quoque
769 3115 959 3192 usitatiores,
977 3133 1058 3194 quae
1086 3114 1321 3193 proximitatem
1337 3114 1416 3175 dua·

239 3241 310 3283 rum
325 3241 432 3283 rerum
454 3222 504 3284 vel
528 3240 737 3300 personarum
775 3225 912 3301 signant,
930 3221 974 3283 ita
1002 3223 1207 3284 concinnatae
1229 3224 1265 3281 ut
1288 3221 1416 3282 nomine

238 3332 351 3392 iterato
378 3329 546 3390 intercidat
573 3329 726 3407 particula
751 3328 802 3390 ad.
828 3328 967 3399 Quarum
993 3328 1120 3408 quidem
1149 3325 1288 3389 occurrit
1317 3344 1417 3387 unum

240 3433 401 3517 quoddam
416 3433 596 3514 exemplum
611 3435 814 3514 perspicuum
828 3437 862 3495 in
880 3435 1003 3496 Paulini
1028 3434 1140 3494 Nolani
1154 3434 1294 3512 epistulis
1311 3451 1318 3494 :
1337 3434 1418 3494 Cum

241 3542 320 3605 caeli
334 3560 409 3620 rege
424 3542 605 3621 loqueretur
619 3542 700 3619 tucio
714 3540 753 3602 ud
768 3542 890 3619 [aciem.
902 3542 992 3602 Paul.
1009 3540 1081 3604 Nol.
1096 3559 1145 3619 ep.
1161 3541 1212 3612 19,
1230 3539 1277 3598 la.
1295 3537 1325 3599 Si
1340 3557 1418 3600 vero

241 3653 348 3713 fictam
363 3653 403 3712 ad
431 3650 671 3711 similitudinem
691 3650 829 3712 volueris
859 3650 890 3710 in
919 3667 1064 3710 sermone
1093 3654 1203 3711 nostro
1220 3646 1417 3709 formulam:

239 3760 332 3821 Acole
348 3765 418 3819 sont
433 3760 647 3819 estroitement
662 3759 762 3819 bouce
775 3777 794 3818 a
808 3758 907 3819 bouce
923 3762 953 3818 et
972 3758 1040 3835 [acc
1054 3775 1074 3818 a
1088 3756 1166 3834 sace.
1193 3756 1303 3826 Floire,
1324 3756 1417 3817 2598.

240 3901 280 3911 -
294 3866 318 3927 ll
332 3868 397 3927 veit
412 3868 476 3926 Deu
490 3865 558 3943 sace
572 3885 590 3926 a
605 3866 684 3944 tusc.
702 3866 762 3927 Tb.
786 3864 815 3924 le
831 3870 925 3927 mart.
952 3866 1003 3924 al.
1020 3865 1083 3925 Nec
1112 3865 1191 3923 mihi
1210 3862 1419 3923 dubitandum

240 3974 364 4034 videtur
378 3970 453 4050 quin
468 3971 661 4050 frequentior
674 3970 769 4031 fuerit
784 3970 815 4029 in
831 3971 988 4032 cotidiano
1001 3988 1145 4030 sermone
1160 3970 1238 4030 baec
1250 3985 1419 4045 coagmen·

241 4079 318 4140 tatio
332 4078 502 4139 verborum
517 4077 643 4153 rustica,
660 4078 803 4157 quamvis
821 4078 906 4155 apud
934 4078 1101 4154 scriptores
1129 4076 1199 4135 aevi
1213 4073 1419 4152 merovingici

243 4187 334 4248 detur
347 4190 470 4247 tantum
485 4186 625 4263 reperire
653 4190 828 4246 structurae
854 4184 1055 4258 lineamenta,
1072 4187 1107 4243 ut
1132 4184 1163 4242 in
1177 4183 1239 4244 hoc
1255 4199 1262 4241 :
1278 4179 1326 4242 Aa
1341 4180 1420 4241 lutus

244 4292 455 4355 Ghlodavecbi
467 4294 562 4369 regis.
580 4291 674 4371 Greg.
692 4291 765 4351 Tur.
783 4291 845 4353 HF,
861 4292 891 4364 1,
909 4292 937 4350 l.
956 4290 1014 4351 Sed
1039 4287 1256 4366 subintelligas
1272 4285 1419 4348 licetfor·

244 4397 347 4459 mulas
361 4398 509 4476 vulgares
525 4417 534 4459 :
551 4397 629 4459 tutus
643 4397 682 4458 ud
711 4396 800 4473 lutus,
817 4394 974 4458 bruchium
996 4395 1036 4457 ad
1056 4393 1222 4467 brachium,
1234 4410 1358 4454 monum
1380 4389 1420 4454 ad

245 4522 378 4578 manum,
395 4509 505 4566 costam
518 4502 558 4565 ad
572 4511 694 4576 costam,
711 4502 851 4581 aliasque
867 4503 1007 4564 eiusdem
1032 4501 1128 4576 modi,
1154 4518 1234 4581 quae
1249 4504 1360 4579 postea
1387 4497 1427 4559 in
