3084 5067
719 360 878 419 ..3ss-

208 519 371 584 declarant
380 524 500 581 motum
515 517 628 580 mentis
637 516 785 598 aliquem,
799 523 830 579 et
844 517 1038 592 insolentius,
1049 517 1124 580 siad
1133 518 1287 577 rationem
1296 517 1377 576 bati-

207 626 423 691 norumvalde
438 626 595 688 diversam
610 631 741 705 spectes,
757 626 914 688 interdum
928 626 1074 687 adiuncta
1085 622 1316 704 praepositione
1338 622 1378 684 ud

207 739 441 797 construuntur.
460 733 544 795 llaec
559 733 704 812 exempla
719 737 812 794 sunto
830 751 838 793 :
856 733 957 795 Corde
968 733 1135 794 credamus
1149 731 1189 792 nd
1211 730 1375 792 iustitiam.

209 842 297 903 Paul.
310 841 380 904 Nol.
396 858 445 920 ep.
462 841 513 914 11,
526 843 556 901 3.
571 872 612 887 -
624 837 671 900 Ad
680 839 851 900 salutarem
866 837 1071 901 confessionis
1082 838 1258 899 doctrinam
1269 837 1378 899 admo-

206 965 317 1010 nemur
331 947 452 1012 audire.
464 947 561 1009 Hilar.
575 947 613 1007 de
625 947 710 1008 l'rin.
721 947 752 1017 6,
768 945 1021 1023 28.·-Gogitans
1032 944 1073 1006 cd
1083 947 1193 1005 Deum.
1206 944 1293 1005 GbM.
1304 943 1375 1016 519,

207 1073 236 1116 1.
252 1056 320 1130 113,
337 1073 368 1134 p.
385 1055 455 1117 311.
470 1085 511 1101 -·
525 1052 693 1115 Liutfridus
709 1055 773 1115 dux
788 1055 930 1131 cogitans
945 1052 985 1114 od
1000 1055 1109 1114 Deum.
1126 1053 1172 1114 lb.
1186 1052 1260 1113 add.
1276 1050 1327 1125 61,
1344 1068 1375 1111 1.

209 1160 581 1241 739‚p.tca.-111equi
595 1158 635 1222 cd
650 1160 738 1222 illum
753 1158 903 1221 iudicium
918 1156 1273 1221 audiredebetlblam.
1286 1156 1374 1230 1,11,

208 1269 238 1330 3.
248 1269 445 1329 -llominus
455 1266 669 1348 adrepetanti‚
684 1285 755 1330 cum
769 1268 870 1328 tribus
883 1266 1025 1342 testibus,
1042 1263 1197 1327 secrecius
1208 1263 1377 1326 admonere

208 1373 304 1436 debit.
320 1373 407 1437 LSal.
419 1376 450 1449 Ξ,
466 1377 516 1451 39,
532 1376 563 1438 8.
579 1374 610 1436 Si
626 1375 751 1455 quidem
767 1374 959 1445 1111110111,
975 1374 1030 1453 qui
1048 1372 1289 1452 praepositionis
1303 1388 1379 1450 qua·

209 1485 311 1541 estum
335 1498 398 1543 non
427 1482 620 1544 mediocrem
645 1480 823 1561 profitetur,
847 1478 984 1543 volueris
1000 1480 1041 1539 ad
1065 1477 1213 1557 gallicam
1237 1477 1378 1555 linguam

208 1588 326 1663 venire,
352 1586 588 1650 animadvertas
611 1588 766 1668 profecto,
792 1586 874 1667 quod
889 1586 1009 1649 adtinet
1033 1586 1073 1647 ad
1098 1585 1232 1647 verbum
1254 1582 1379 1647 credere

209 1690 260 1772 (ze
269 1692 378 1772 croire,
397 1691 519 1773 croire),
532 1692 625 1754 valde
636 1693 733 1754 fuisse
742 1691 962 1755 addubitatum
977 1695 1083 1751 utrum
1093 1692 1297 1752 concurrente
1307 1704 1378 1766 par-

210 1797 308 1860 ticula
321 1803 506 1873 strueretur,
522 1816 562 1861 an
577 1804 702 1862 tantum
717 1803 842 1879 regeret
855 1816 963 1860 casum
985 1796 1209 1860 accusativum.
1226 1796 1260 1856 ln
1275 1798 1377 1857 veter·

210 1903 300 1965 rimts
315 1905 397 1965 enim
406 1907 617 1967 monumentis
628 1924 635 1967 :
646 1904 672 1967 l
683 1923 736 1968 czo
746 1924 804 1967 nos
813 1904 935 1967 voldret
945 1904 1127 1967 concreidre
1138 1903 1161 1964 li
1171 1902 1375 1981 rexpagiens.

208 2010 405 2083 1111111111.
422 2047 461 2057 -
475 2012 581 2074 011111
595 2032 615 2074 n
640 2031 693 2075 ma
711 2011 831 2092 parole.
856 2012 968 2084 Adam,
986 2031 1016 2090 p.
1032 2011 1082 2071 20.
1099 2010 1160 2072 Sed
1175 2026 1299 2089 quoque
1316 2026 1323 2068 ε
1340 2008 1379 2069 11

209 2135 279 2178 mar
304 2119 420 2179 creirez
446 2119 590 2180 Marsilie.
619 2119 689 2181 Rol.
707 2119 776 2179 196.
799 2117 910 2190 -Qui
932 2119 1009 2178 Dieu
1033 2117 1183 2179 creoient.
1200 2116 1304 2178 Joinv.
1326 2115 1376 2175 39.

208 2225 302 2286 Decet
316 2225 367 2288 hic
379 2225 475 2287 etiam
490 2227 647 2288 rationem
661 2225 780 2287 habere
790 2225 958 2287 verborum
970 2224 1136 2298 intendere,
1147 2241 1288 2304 pensare,
1298 2239 1391 2303 quae

210 2348 320 2392 sensus
335 2331 596 2411 praecedentibus
611 2332 852 2412 propinquiores
862 2333 929 2392 sine
941 2331 1036 2393 dubio
1050 2332 1083 2391 in
1091 2330 1216 2409 vulgari
1225 2330 1380 2390 latinitate

210 2437 429 2512 exhibuerunt,
448 2443 478 2499 11
491 2440 575 2501 idem
589 2439 758 2500 valuerunt
772 2444 866 2518 atque
886 2437 1005 2514 audire,
1021 2439 1163 2517 copimrc.
1181 2438 1272 2497 Prius
1295 2436 1379 2498 enim

209 2543 341 2605 verbum
355 2563 394 2605 ex
409 2564 467 2606 usu
490 2544 588 2608 latino
606 2563 613 2605 :
630 2544 789 2607 intendere
810 2545 946 2606 animum
968 2543 1008 2605 ud
1021 2544 1150 2624 aliquid,
1173 2542 1214 2605 ud
1231 2543 1375 2624 aliquem,

211 2649 357 2712 facillime
372 2650 491 2731 patitur
506 2651 564 2712 sibi
581 2651 667 2731 iungi
681 2651 889 2732 particulam;
910 2652 996 2729 quod
1010 2651 1050 2712 ed
1064 2651 1221 2729 posterius
1245 2654 1376 2729 spectat,

211 2761 408 2819 momentum
423 2759 521 2837 ipsius
535 2763 708 2820 structurae
722 2777 778 2838 per
789 2756 1052 2837 praepositionem
1061 2759 1182 2818 coicere
1191 2756 1273 2820 licet.
1286 2756 1376 2817 lnde:

211 2864 261 2923 Un
276 2882 316 2925 en
331 2863 420 2925 iada
431 2866 483 2944 qui
498 2865 521 2926 li
534 2866 612 2926 altre
627 2865 806 2950 entendent.
820 2864 888 2926 ltol.
906 2865 996 2926 3782.
1007 2864 1097 2926 -Or
1112 2862 1379 2925 merefaitamors

209 2970 286 3031 alui
300 2973 460 3034 entendre.
477 2972 584 3045 Conci,
605 2975 634 3033 5.
651 2972 780 3033 -Plus
795 2989 835 3033 ue
849 2972 902 3034 doi
917 2990 937 3033 u
955 2972 999 3032 fin
1013 2969 1174 3033 d’amours
1188 2988 1314 3050 penser.
1333 2969 1378 3031 ld.

208 3076 258 3136 20.
276 3110 315 3120 —
334 3077 358 3136 ll
377 3077 499 3139 novient
517 3077 598 3139 mult
620 3087 733 3157 pensor
752 3097 771 3139 u
793 3080 820 3139 si
844 3082 937 3155 grant
956 3077 1062 3139 chose.
1083 3076 1195 3138 Villeb.
1223 3078 1272 3139 19.
1295 3112 1333 3121 -
1355 3076 1381 3137 ll

208 3198 306 3260 pensa
321 3187 387 3244 tant
401 3201 420 3245 u
434 3184 572 3246 Nicolete
588 3203 624 3246 sa
637 3185 737 3246 doude
747 3184 840 3245 amic.
855 3184 1017 3258 Aucassin‚
1033 3183 1084 3257 24,
1100 3184 1130 3243 8.

248 3286 350 3359 Quare
364 3308 428 3352 non
442 3290 600 3353 immerito
621 3291 724 3353 dicem
749 3309 788 3353 ex
801 3292 1012 3354 adtributione
1035 3290 1127 3352 locali
1142 3290 1206 3352 iam
1231 3291 1381 3352 transisse

207 3398 474 3479 praepositionem
487 3403 529 3462 ad
542 3402 647 3462 varias
662 3399 843 3474 relationes
861 3418 939 3478 ques
954 3399 1056 3461 Latini
1071 3400 1142 3479 plus
1157 3400 1260 3461 minus
1276 3399 1380 3461 dativo

209 3523 283 3567 casu
298 3508 514 3586 signaverunt.

772 3651 811 3713 ΙΙ.

246 3813 305 3872 Res
320 3816 425 3873 autem
436 3811 534 3873 multo
549 3811 585 3873 fit
599 3811 759 3886 illustrior,
778 3813 804 3871 si
819 3812 859 3872 ad
874 3811 971 3871 verba
995 3812 1128 3873 accedas
1153 3809 1248 3872 dandi
1264 3815 1295 3871 et
1308 3815 1377 3871 tra-

208 3918 312 3994 dendi,
329 3918 454 3980 dicendi
469 3923 498 3979 et
513 3919 623 3980 orandi
639 3937 646 3978 :
664 3936 798 3997 quorum
813 3918 939 3996 quidem
953 3917 1200 3997 frequentissimi
1216 3923 1287 3979 sunt
1301 3937 1378 3980 usus

209 4030 239 4086 et
253 4026 293 4086 ad
306 4025 440 4088 localem
456 4043 579 4104 quoque
594 4024 837 4087 adtributionem
856 4025 994 4103 quodam
1007 4025 1102 4087 modo
1118 4025 1285 4101 referendi,
1303 4043 1379 4086 nam

207 4137 279 4212 post
293 4150 330 4193 ea
357 4150 484 4194 neeesse
505 4136 552 4192 est
575 4131 619 4192 ita
645 4130 815 4193 subaudias
840 4136 960 4192 motum
989 4136 1023 4191 ut
1049 4131 1201 4193 adalium
1218 4131 1379 4211 abaliquo

210 4238 328 4319 aliquid
342 4240 391 4301 vel
415 4257 526 4319 reapse
549 4239 599 4299 vel
627 4239 760 4316 figurate
786 4238 1005 4299 transferatur.
1030 4238 1128 4316 Igitur
1147 4239 1198 4301 hic
1211 4240 1315 4300 visum
1331 4243 1379 4299 est

209 4346 284 4407 data
299 4345 443 4426 exempla
457 4348 489 4418 in
505 4347 584 4407 duas
598 4346 715 4407 classes
728 4345 994 4408 intercedentibus
1008 4346 1103 4408 etiam
1118 4345 1187 4406 aliis
1202 4342 1379 4425 partitioni·

210 4452 269 4514 bus
284 4451 471 4517 distribuere
488 4473 495 4512 ε
513 4471 647 4532 quarum
661 4452 749 4534 prior
764 4453 918 4534 spectabit
929 4452 970 4514 ad
988 4453 1087 4515 rerba
1100 4470 1181 4536 quae
1196 4452 1380 4520 adtributio-
