3084 5067
748 1101 872 1162 capvt
897 1101 934 1163 11.

298 1276 337 1320 DE
351 1275 587 1322 nnnneoslrtotts
599 1269 645 1319 AD
660 1277 889 1323 conanvnnnxx
902 1278 940 1321 ΕΤ
955 1277 1165 1323 GONCVRRENTE
1178 1267 1269 1318 APVD
1282 1278 1389 1325 UODV!

604 1412 662 1456 VEL
675 1411 910 1457 tusrnvttsnnvlt
924 1411 1079 1457 slahands.

301 1582 427 1643 Partem
447 1581 681 1662 disceptationis
703 1567 874 1661 adgredioi
895 1582 1062 1645 obscuram
1081 1582 1274 1662 eandemque
1296 1582 1426 1663 fingenti

260 1686 386 1751 cuilibet
400 1690 591 1769 hypotheses
607 1689 915 1770 periculosissimam,
933 1690 991 1750 etsi
1008 1689 1069 1750 late
1090 1693 1196 1769 pateat
1209 1707 1348 1769 campus.
1370 1694 1427 1752 Ex·

259 1794 438 1875 plicandum
453 1802 500 1857 est
513 1815 576 1877 qua
591 1795 641 1858 via
655 1802 685 1857 et
699 1797 820 1858 ratione
834 1796 1026 1876 praepositio
1037 1796 1077 1858 od
1087 1814 1103 1857 e
1113 1794 1265 1864 relatione
1276 1797 1427 1876 proximi-

258 1900 331 1962 tatis
345 1900 455 1963 localis
475 1903 525 1964 vel
548 1902 729 1983 temporalis
750 1904 911 1964 transierit
926 1903 966 1964 ad
977 1921 1076 1965 novos
1088 1921 1196 1964 sensus
1207 1907 1237 1964 et
1250 1903 1427 1965 inservierit

259 2007 453 2086 designando
477 2009 572 2071 modo
595 2010 646 2071 vel
669 2012 878 2072 instrumento
899 2028 961 2089 quo
976 2010 1011 2070 tlt
1033 2010 1161 2089 aliquid.
1185 2011 1254 2072 Non
1274 2015 1322 2071 est
1343 2011 1427 2072 enim

261 2113 391 2175 dubium
405 2116 480 2194 quin
492 2117 680 2195 praepositio
695 2118 756 2178 din
764 2116 863 2179 veteri
872 2122 980 2178 nostro
994 2116 1107 2194 gallico
1121 2134 1268 2178 sermone
1281 2117 1341 2178 hos
1357 2135 1427 2178 sen·

258 2242 311 2284 sus
332 2223 583 2302 frequentissime
598 2224 756 2297 exhibeat,
782 2226 924 2303 quamvis
946 2224 1101 2304 particula
1120 2224 1160 2287 od
1181 2224 1280 2286 latina
1299 2225 1427 2286 eosdem

258 2331 387 2390 minime
402 2331 485 2408 apud
499 2329 601 2391 bonos
615 2334 758 2391 auctores
774 2330 934 2392 declarare
948 2331 1101 2393 videatur.

297 2435 402 2497 Altera
415 2453 454 2497 ex
468 2441 555 2516 parte
571 2438 758 2499 documenta
773 2436 842 2498 aevi
855 2435 1060 2516 merovingici
1073 2435 1123 2497 vel
1135 2437 1316 2511 deterrima,
1332 2455 1429 2516 quan·

257 2547 424 2622 tecumque
444 2543 604 2620 diligentia
619 2562 657 2605 ea
672 2543 837 2619 evolveris,
851 2549 882 2605 te
897 2562 1009 2624 parum
1024 2545 1062 2605 de
1077 2545 1136 2605 hae
1154 2562 1265 2606 sensus
1288 2544 1428 2623 explica-

258 2651 343 2711 tione
358 2652 524 2712 certiorem
538 2650 663 2725 facient,
685 2653 763 2713 adeo
779 2656 813 2712 ut
828 2653 897 2712 usui
911 2650 1036 2729 linguae
1050 2651 1191 2730 vulgaris
1205 2656 1235 2712 et
1250 2651 1428 2713 cotidianae

258 2757 455 2835 potissimum
470 2758 589 2818 reterre
614 2759 740 2821 debeas.
756 2759 843 2819 Adde
866 2759 951 2839 quod
966 2757 1016 2819 his
1031 2757 1262 2819 difficultatibus
1277 2762 1308 2819 et
1321 2758 1428 2820 haesi-

259 2864 346 2925 tandi
361 2866 466 2926 causis
480 2866 646 2927 intercidat
660 2870 892 2943 argumentum,
907 2870 941 2926 ut
953 2865 1051 2926 verbo
1065 2864 1197 2926 iuridico
1206 2870 1286 2942 utar,
1300 2865 1428 2945 praeiu-

258 2969 367 3032 diciala
385 2990 391 3032 :
408 2989 522 3051 nempe
536 2971 568 3032 in
578 2976 665 3032 tanta
678 2976 821 3032 textuum
836 2976 867 3033 et
881 2971 1097 3050 exemplorum
1116 2972 1271 3050 paucitate
1286 2977 1350 3034 ate
1364 2991 1430 3034 non

257 3078 415 3139 immerito
429 3084 518 3157 petas
541 3083 646 3138 utrum
660 3075 776 3155 gallica
789 3078 979 3157 praepositio
993 3078 1013 3138 d
1027 3077 1156 3139 modum
1170 3078 1221 3139 vel
1235 3077 1428 3140 instrumen-

258 3189 325 3245 tum
340 3185 467 3263 signans
480 3185 612 3246 latinam
634 3183 674 3246 ad
694 3176 806 3264 reapse
827 3189 1050 3264 repraesentet,
1077 3202 1117 3244 an
1129 3185 1256 3247 ⁴borum
1277 3204 1429 3247 sensuum

257 3289 424 3369 explicatio
453 3290 580 3351 alterius
608 3308 732 3369 quoque
759 3290 1001 3370 praepositionis
1028 3289 1109 3370 apud
1136 3296 1295 3353 momento
1332 3291 1428 3353 tribui

260 3398 370 3477 possit.

298 3503 330 3564 Si
344 3504 384 3564 ad
398 3504 499 3583 ipsam
514 3503 739 3582 particularum
766 3504 1048 3566 conformationem
1071 3508 1102 3565 et
1115 3505 1161 3588 sd⁴
1171 3522 1284 3567 sonum
1306 3505 1428 3568 littera·

259 3629 330 3670 rum
345 3611 564 3684 adtendamus,
581 3612 756 3672 observabo
781 3611 926 3690 inprimis
940 3610 1045 3672 multis
1066 3612 1105 3673 de
1126 3611 1231 3674 causis
1249 3612 1430 3675 addubitsn'

196 3764 197 3767 ,
257 3735 349 3798 posse
364 3718 438 3797 quin
453 3718 586 3778 duarum
601 3719 868 3797 praepositionum
883 3736 958 3778 usus
973 3719 1069 3779 nimia
1083 3736 1222 3797 unquam
1244 3719 1428 3781 contusione

258 3824 403 3886 laborare
418 3826 587 3904 potuerint.
604 3825 741 3896 Quarum
756 3825 843 3905 prior
856 3824 983 3886 finalem
1004 3829 1126 3887 tantum
1140 3826 1160 3887 d
1174 3826 1311 3887 litteram
1326 3828 1429 3905 perdit

259 3931 403 4013 quotiens
418 3949 574 3993 consonae
585 3932 655 3993 voci
669 3939 897 4012 praeponatur;
914 3932 1013 3993 altera
1027 3951 1104 3995 vero
1118 3934 1223 3996 varias
1239 3936 1428 3996 mutationes

257 4038 394 4113 admisit,
412 4057 545 4117 quarum
556 4040 600 4100 ita
613 4038 710 4100 series
725 4038 801 4119 fingi
816 4040 915 4118 possit
929 4039 1037 4100 lumin
1053 4039 1291 4119 septentrionali
1308 4040 1427 4102 Galbae

259 4147 397 4224 regione,
413 4149 480 4206 tum
499 4145 531 4206 in
543 4145 703 4207 Occitania
715 4165 737 4230 :-

616 4278 658 4308 =
670 4261 724 4335 opt
736 4278 778 4309 =
792 4271 842 4333 ap,
856 4253 894 4315 ab
909 4253 1031 4333 (Occit.)

376 4313 474 4394 Apud,
491 4322 568 4396 aput
614 4390 656 4420 Ξ
668 4363 728 4444 apd
742 4389 783 4420 =
796 4361 855 4425 aad
868 4388 909 4419 =
922 4359 983 4423 aad
995 4388 1036 4419 =
1049 4362 1099 4441 od,
1114 4382 1131 4424 o
1146 4363 1193 4444 (V.
1213 4362 1307 4443 Gall.)

257 4479 406 4540 Formam
427 4473 674 4552 merovingicam
698 4478 729 4535 et
752 4475 930 4536 oscitanam
944 4470 982 4533 ab
997 4473 1137 4551 reperias
1155 4471 1187 4532 in
1202 4467 1429 4549 antiquissimis
1457 4474 1462 4483 '
