3084 5067
646 350 762 412 -tlt
786 371 828 397 —⁴·

151 516 317 594 signantia,
334 531 406 578 cum
420 509 574 594 gerundio
597 512 659 576 iam
682 515 872 576 infinitivum
896 513 1028 577 valente.
1048 509 1133 575 Tunc
1157 510 1319 574 fatendum

151 625 210 685 erit
224 622 403 686 subtiliores
417 640 565 685 sensuum
575 624 769 685 incertorum
779 623 991 685 distinctiones
999 620 1162 698 ingruente
1172 618 1320 680 barbaria

150 728 292 808 periisse,
308 728 426 791 sedhic
440 730 563 791 damnis
577 729 657 791 adeo
678 748 742 791 nou
756 729 954 790 imminutam
984 745 1052 789 esse
1078 723 1320 807 praepositionis

149 834 346 915 provinciam
361 841 396 898 ut
410 836 500 897 fieret
514 841 623 899 contra
651 837 691 897 ad
706 836 882 917 copulanda
906 836 978 897 novi
995 834 1148 896 sermonis
1176 831 1320 892 membra

151 941 311 1004 vinculum
327 943 486 1023 quoddam
496 945 721 1006 necessarium.

189 1048 303 1122 Quare,
332 1048 359 1110 si
387 1049 619 1111 contrahendae
656 1048 751 1110 etiam
779 1050 871 1110 huius
911 1046 1119 1110 conclusionis
1146 1046 1320 1125 positiones

151 1156 325 1230 uideantur,
340 1157 366 1217 si
380 1157 444 1217 vim
459 1155 555 1236 ipsius
568 1154 741 1235 particulae
755 1156 957 1217 increscentis
972 1159 1003 1216 et
1012 1155 1215 1233 praecipuam
1230 1153 1321 1231 quasi

150 1263 291 1324 internae
306 1262 493 1325 evolationis
506 1263 609 1341 legam
631 1261 708 1323 velis
731 1263 978 1342 deprehendere,
995 1278 1142 1325 censeam
1156 1262 1188 1320 in
1211 1258 1320 1320 infima

149 1368 301 1431 latinitate
315 1368 355 1432 ad
369 1388 497 1431 sensam
511 1371 649 1450 primum
670 1388 707 1432 ac
735 1371 907 1451 genuinum
931 1387 994 1431 non
1022 1369 1164 1429 amisisse
1179 1366 1317 1446 quidem,

149 1494 212 1555 quo
227 1478 368 1555 signatur
382 1483 486 1539 motus
500 1482 532 1540 et
545 1478 682 1540 accessio
701 1478 742 1540 ad
755 1477 860 1540 locum
875 1477 1031 1556 quendam
1045 1475 1095 1536 vel
1122 1472 1318 1554 propositum

148 1582 253 1644 fluam.
271 1584 333 1646 Sed
347 1602 385 1645 ex
399 1583 455 1646 illa
469 1586 500 1646 vi
514 1585 650 1664 genuina
664 1582 932 1665 praepositionem
947 1584 988 1646 ad
1004 1599 1094 1644 usum
1109 1575 1318 1644 adiunctionis

148 1690 249 1768 magis
267 1692 462 1771 propinquae
490 1696 520 1754 et
548 1692 694 1753 definitae
721 1690 791 1772 quis
811 1690 941 1752 notabili
969 1707 1075 1751 rerum
1098 1689 1314 1752 immutatione

147 1799 241 1873 neget
255 1797 445 1859 adductam?
459 1797 556 1878 Magis
571 1816 608 1860 ac
622 1799 724 1876 magis
735 1797 770 1858 fit
780 1796 893 1876 copula
902 1797 980 1858 duos
993 1775 1152 1858 relationis
1160 1793 1313 1859 terminos

146 1900 190 1963 ita
204 1902 334 1981 iungens
349 1909 383 1966 ut
397 1923 460 1967 non
473 1905 635 1966 intervallo
651 1923 767 1983 magno
794 1908 848 1966 aut
875 1903 1035 1965 indefinite
1051 1907 1221 1983 prorogato
1248 1904 1312 1964 iam
1355 1945 1357 1947 -

146 2011 286 2088 separari
306 2012 492 2088 videantur,'
508 2013 563 2074 sed
587 2012 667 2073 inter
682 2030 715 2074 se
739 2016 849 2073 contra
875 2010 974 2072 artius
998 2011 1178 2090 cohaerere,
1195 2014 1225 2070 et
1243 2010 1312 2089 ipso

147 2115 228 2177 facto
243 2115 380 2195 religari.
399 2120 529 2180 Notatur
542 2119 622 2181 haec
632 2119 791 2180 adiunctio
805 2136 862 2197 per
876 2117 1120 2180 adtributionem
1135 2117 1312 2196 proximam

148 2222 271 2298 signata
284 2229 356 2303 post
379 2225 475 2287 verba
489 2224 652 2298 relatione,
682 2224 805 2303 signata
835 2226 929 2287 etiam
945 2224 1028 2285 intra
1043 2221 1237 2284 substantiva
1251 2221 1312 2283 duo

147 2331 361 2406 possessione;
377 2336 503 2393 notatur
531 2350 602 2394 cum
619 2332 754 2413 pendeat
785 2349 824 2393 ex
838 2330 1035 2393 cohaerentia
1050 2330 1183 2391 duarum
1206 2345 1312 2389 rerum

149 2438 180 2493 et
193 2435 333 2498 internae
349 2438 540 2501 condicionis
553 2438 697 2501 relationi
713 2431 967 2502 accommodetur
988 2438 1178 2515 satagentis
1196 2436 1312 2497 instru-

148 2543 245 2602 menti
255 2542 474 2623 designationi.

191 2651 267 2712 inde
284 2651 319 2712 fit
334 2654 368 2712 ut
381 2652 421 2712 ad
437 2651 626 2731 supplendas
639 2669 767 2714 casuum
795 2651 979 2713 Latinorum
1003 2648 1099 2711 dativi
1113 2652 1144 2710 et
1170 2646 1310 2724 ablativi,

148 2762 243 2823 etiam
256 2760 392 2840 genetivi
402 2758 561 2820 interdum
583 2760 666 2820 vices
682 2758 795 2820 idonea
809 2759 1000 2838 praepositio
1014 2756 1054 2818 ad
1067 2756 1222 2830 videatur;
1240 2754 1313 2816 inde

147 2868 183 2928 fit
196 2873 231 2930 ut
245 2867 382 2929 iacturas
396 2884 544 2927 sensuum
567 2871 598 2927 et
612 2866 879 2927 constructionum
903 2863 1040 2943 quodam
1069 2863 1164 2924 modo
1178 2878 1312 2941 pensare

146 2974 281 3037 valuerit
298 2993 305 3035 :
322 2976 366 3036 sic
385 2974 540 3051 detegitur
559 2971 641 3034 ratio
668 2990 768 3035 novae
797 2971 961 3034 cuiusdam
986 2975 1163 3051 syntaxeos.
1184 2968 1312 3029 illorum

148 3083 232 3142 enim
247 3097 359 3142 usuum
383 3078 524 3158 germina
543 3078 575 3140 in
590 3082 660 3141 sinu
685 3098 799 3142 amesa
816 3076 978 3140 latinitatis
995 3075 1126 3139 velutin
1150 3072 1310 3137 uberrimo

148 3187 315 3249 seminario
342 3187 462 3249 inclusa
487 3187 602 3263 latent3
631 3190 664 3248 in
691 3187 802 3248 intima
816 3186 942 3266 quidem
970 3189 1000 3247 et
1028 3183 1250 3261 Merovingica,
1275 3185 1309 3241 ut

147 3294 292 3368 vidimus,
306 3293 456 3355 latinitate
467 3311 556 3372 seges
571 3293 707 3356 adolevit
721 3298 752 3355 et
765 3292 829 3355 iam
847 3297 997 3372 eruptura
1012 3290 1117 3370 prodit
1132 3309 1140 3351 :
1156 3308 1221 3351 nou
1236 3305 1311 3350 vero

147 3400 206 3462 nisi
215 3402 248 3461 in
262 3399 377 3463 Gallico
387 3405 495 3464 nostro
503 3418 658 3476 sermone,
672 3405 706 3461 ut
715 3405 836 3461 ceteras
846 3404 968 3462 taceam
980 3399 1164 3460 Romanicas
1173 3396 1309 3476 linguas,

148 3507 320 3570 efflorescat
334 3508 460 3571 demum
475 3511 506 3568 et
520 3507 739 3587 explicabitur.

829 3684 885 3734 V1o1
900 3695 933 3732 ac
946 3696 1060 3742 raucam,

690 3793 804 3845 Lutatiae
821 3783 990 3853 Parisiorum,
1001 3792 1027 3840 in
1040 3791 1170 3850 Sarbena,

734 3903 816 3967 pridie
829 3902 889 3952 ldus
900 3902 975 3952 Febr.
991 3914 1052 3951 anu.
1065 3912 1247 3950 uocccuxxxvr.

843 4017 989 4070 Facultates
1002 4018 1163 4066 Litterarum

762 4109 791 4158 ia
808 4106 948 4158 Academia
965 4106 1107 4156 Parietemi
1121 4106 1249 4161 aecanos,

235 4227 249 4264 ’1
919 4223 950 4275 Α.
975 4222 1086 4273 ululat.

228 4288 305 4353 Typis
317 4287 465 4339 mandatur.

147 4403 304 4454 Academiae
313 4403 468 4453 Pamsieaais
480 4402 579 4460 flector,

287 4480 425 4543 canuno.
