3084 5067
629 1120 753 1182 GAPVT
780 1122 817 1182 Π.

182 1295 222 1340 bit
238 1295 474 1342 nuturost'llorts
496 1288 544 1338 AD
562 1296 710 1343 stannum
733 1298 980 1344 sbrntnvtiortntt
1005 1298 1043 1343 ΕΤ
1065 1298 1122 1345 PRO
1145 1298 1255 1343 nativo

598 1412 673 1457 CASV
690 1412 812 1458 coslun.

173 1598 383 1663 translationi
397 1599 438 1662 ad
447 1667 451 1674 ,
461 1602 631 1662 terminum
654 1602 817 1663 notionem
841 1600 922 1663 hanc
936 1600 1077 1664 arbitror
1091 1617 1159 1663 esse
1173 1601 1304 1681 propin·
1371 1667 1375 1676 ,

134 1704 289 1785 quiorem,
317 1725 385 1787 qua-
407 1706 599 1787 praapositio
635 1707 674 1769 od
695 1709 827 1770 inservit
850 1707 1054 1770 adtributioni
1080 1707 1300 1770 declarandae.

133 1812 237 1876 Immo
252 1812 279 1875 si
292 1813 402 1876 localis
417 1813 451 1875 iit
479 1813 659 1888 adtributio,
686 1833 721 1876 re
743 1832 819 1876 vera
845 1814 907 1876 dici
930 1818 1033 1894 potest
1056 1814 1136 1875 nihil
1159 1831 1227 1877 esse
1241 1816 1302 1876 nisi

132 1918 285 1999 peculiari
306 1919 429 1984 ratione
454 1921 578 1999 signata
604 1920 753 1994 accessio,
776 1921 893 1983 scilicet
920 1938 958 1982 eo
985 1921 1081 1984 modo
1105 1926 1139 1982 ut
1165 1940 1229 1984 non
1256 1924 1302 1983 ire

133 2026 264 2105 proprio
274 2030 362 2089 motu
376 2044 512 2106 persona
521 2026 573 2088 vel
586 2026 731 2106 deputari
744 2044 794 2087 res
809 2026 849 2088 ad
856 2026 961 2089 locum
971 2027 1126 2100 videatur,
1144 2027 1199 2089 sed
1213 2028 1302 2106 quasi

133 2132 263 2211 adiungi
277 2132 403 2195 definite
428 2139 635 2196 concurrente
649 2132 818 2197 additionis
832 2133 969 2196 notione.
986 2137 1030 2197 llo
1050 2134 1214 2196 subtiliora
1227 2149 1303 2196 vero

132 2239 324 2302 intercidunt
338 2241 532 2315 discrimina,
549 2242 632 2322 quod
647 2241 758 2302 eadem
772 2242 930 2303 interdurn
945 2240 1043 2303 verba
1063 2241 1144 2303 hanc
1159 2223 1304 2319 adsigna-

131 2347 252 2408 tionem
266 2347 424 2409 denotent.
441 2349 528 2410 Adde
542 2348 626 2429 quod
645 2349 729 2428 apud
743 2348 871 2412 Latinos
890 2348 1044 2428 quaedam
1063 2348 1304 2409 translationem

132 2450 238 2532 potius
252 2451 399 2528 indicent,
416 2455 513 2517 sedin
527 2455 636 2517 intima
646 2459 677 2515 et
689 2454 813 2533 vulgari
825 2453 978 2516 latinitate
992 2456 1193 2535 perspicuum
1207 2454 1306 2516 adtri-

132 2558 252 2621 buendi
278 2577 405 2622 sonsum
434 2562 566 2623 induant
581 2580 589 2622 :
605 2563 687 2623 inter
713 2579 795 2640 quae
825 2561 958 2640 verbum
982 2562 1170 2640 praesertim
1195 2562 1307 2624 citetur

131 2665 254 2729 mittere
267 2665 329 2748 (=
341 2667 397 2728 lat.
414 2667 506 2729 class.
519 2684 633 2747 ponere
643 2665 665 2749 ).

175 2773 299 2853 Alioqui
312 2775 398 2837 notio
412 2773 636 2837 adtributionis
647 2774 750 2855 ligura
763 2774 854 2836 valde
870 2774 996 2836 diversa
1009 2775 1153 2850 occurrit,
1171 2776 1237 2837 sive
1253 2773 1307 2836 illa

132 2880 192 2941 liat
205 2879 245 2943 ab
260 2880 367 2959 aliquo
388 2881 573 2943 adulteram
598 2897 766 2961 personam
782 2898 853 2943 oum
875 2879 979 2943 verbis
1001 2879 1095 2943 dandi
1110 2885 1141 2943 et
1164 2880 1304 2957 dicendi,

132 2989 201 3051 sive
215 2987 255 3052 ud
268 2988 366 3050 veluti
392 2987 505 3069 copula
527 2987 638 3050 haberi
661 2988 761 3068 possit
778 3006 948 3068 personam
974 2989 1109 3067 iungens
1126 3007 1196 3051 cum
1210 2989 1306 3051 verbo

131 3094 320 3176 plerumque
346 3096 570 3158 intransitiro:
591 3095 642 3156 his
677 3096 761 3156 enim
780 3095 859 3158 locis
884 3094 1076 3176 praepositio
1099 3097 1182 3158 vices
1208 3095 1306 3158 dativi

132 3220 228 3265 casus
246 3203 310 3263 iam
328 3202 550 3265 obsolescentis
567 3207 714 3281 vergente
738 3203 848 3282 lingua
864 3201 1009 3278 obtinuit,
1030 3209 1062 3264 et
1087 3202 1255 3265 relationes
1269 3203 1309 3264 si·

132 3310 245 3387 gnavit
260 3308 447 3383 simillimas,
464 3309 611 3371 adiuncta
623 3310 718 3370 etiam
731 3314 858 3389 apertae
868 3309 1074 3389 possessionis
1083 3309 1306 3372 declaratione.

132 3414 232 3477 Nobis
246 3416 463 3479 observandae
477 3420 551 3477 sunt
564 3416 671 3477 variae
693 3416 875 3495 positiones,
893 3421 923 3476 et
945 3420 1099 3495 quantum
1122 3416 1192 3477 lieri
1205 3420 1309 3496 potest

132 3518 393 3601 distinguendum
420 3527 524 3584 utrum
551 3519 591 3583 ad
611 3523 677 3583 rim
699 3521 940 3602 praepositionis
964 3521 1073 3584 localis
1092 3521 1250 3599 exhibeat,
1267 3541 1307 3583 an

132 3626 291 3708 particula
298 3646 357 3708 pro
367 3628 473 3691 dativo
488 3629 671 3689 Latinorum
691 3632 869 3707 usurpetur,
881 3629 1024 3707 quamvis
1039 3646 1097 3708 per
1111 3647 1144 3690 se
1157 3631 1308 3692 circums-

133 3736 249 3815 criptio
261 3735 314 3799 rel
327 3734 368 3797 ad
382 3735 500 3797 bonam
513 3739 651 3798 aetatem
664 3733 845 3797 adtendenti
859 3752 960 3815 paene
975 3736 1016 3796 sit
1029 3735 1237 3816 desperanda.

710 3984 734 4046 1.

177 4167 280 4240 Qum
303 4167 441 4246 primum
456 4182 531 4242 ergo
558 4162 636 4224 mibi
665 4164 860 4243 propositum
883 4166 931 4222 est
955 4160 1176 4223 adtributionis
1196 4161 1309 4224 localis

132 4266 282 4332 subicere
290 4266 445 4345 exempla,
461 4270 497 4327 ut
509 4264 582 4326 inde
591 4270 792 4325 transeamus
803 4261 1030 4324 adsubtilioras
1039 4262 1182 4322 notiones
1194 4261 1308 4341 quibus

131 4374 307 4440 voluntatis
315 4372 366 4436 vel
372 4371 602 4451 intellegentiae
613 4371 813 4433 declarantur
821 4373 936 4430 motus.
951 4366 1029 4429 ilum
1038 4371 1143 4428 autem
1154 4367 1194 4428 ad
1203 4370 1309 4431 varios

131 4484 192 4546 hic
212 4498 287 4542 usus
312 4478 460 4541 facillime
486 4478 663 4542 inflectatur
690 4475 894 4557 praepositio,
919 4475 1054 4537 arduum
1081 4479 1129 4536 ast
1146 4476 1307 4555 integram
