3084 5067
710 333 869 393 ..00-

206 498 256 559 vel
264 496 483 558 adverbialiter
497 496 631 574 positam
656 496 842 574 deputarent
869 495 1064 555 coniecturae
1084 492 1207 551 numeri
1222 491 1271 552 cui
1295 490 1372 550 velis

206 602 422 667 aestimatione
447 603 518 681 plus
541 604 643 662 minus
667 603 830 664 accedere.
860 601 1036 679 Usurpatur
1058 599 1142 659 enim
1169 598 1279 658 eodem
1307 597 1372 657 iere

206 730 299 773 sensu
313 718 407 791 atque
422 711 546 772 circiter
559 709 752 789 praepositio
767 707 807 770 od
817 707 848 769 in
863 707 912 769 his
931 713 959 768 et
984 707 1139 767 similibus
1157 725 1163 766 :
1178 705 1223 766 :td
1237 705 1373 784 quadra·

206 818 294 897 ginta
317 819 429 881 minas.
458 818 560 880 Plaut.
589 816 722 894 110111,
753 817 784 887 1,
815 815 1051 877 ill-Annos
1080 813 1119 875 ad
1144 814 1373 892 quinquaginta

206 929 309 986 natus.
326 925 388 986 Cic.
406 942 463 1002 pro
479 922 599 984 Gluent.
611 923 662 983 10.
677 954 717 968 -
731 923 918 999 Frequentes
929 921 1045 982 fuimus
1055 922 1183 981 omnino
1198 917 1237 980 ad
1258 919 1374 979 ducen-

207 1036 268 1092 tos.
283 1030 328 1093 ld.
345 1030 384 1091 ad
414 1029 473 1101 Qu.
498 1029 537 1091 tr.
563 1030 593 1101 1,
624 1028 964 1107 l.-Equitatn1nque
992 1045 1118 1088 omnem
1140 1026 1179 1087 cd
1206 1043 1374 1086 numerum

208 1142 357 1216 quattuor
372 1137 504 1197 milium.
522 1137 608 1197 Caes.
626 1136 685 1198 BG.
710 1138 737 1211 1,
755 1136 804 1195 15.
819 1168 857 1181 ·-
873 1134 987 1197 Occisis
1007 1134 1045 1195 od
1067 1133 1232 1195 hominum
1249 1133 1376 1194 milibus

208 1247 367 1321 quattuor.
390 1243 435 1305 ld.
457 1243 500 1303 ib.
528 1243 558 1315 1,
571 1244 619 1304 33.
643 1276 682 1288 -
708 1240 755 1304 Aa
783 1243 845 1304 duo
872 1242 958 1302 milia
985 1259 1117 1302 numero
1145 1258 1184 1301 ex
1212 1240 1378 1318 Pompeia·

209 1352 259 1410 nis
274 1349 431 1411 cecidisse.
448 1349 492 1409 ld.
509 1350 567 1411 BG.
585 1352 614 1424 3,
631 1350 681 1412 53.
693 1382 732 1396 -·
745 1348 793 1410 Ad
815 1348 926 1428 viginti
952 1349 1106 1410 matronis
1121 1346 1238 1409 accitis.
1260 1346 1326 1409 Liv.
1343 1347 1375 1419 8,

208 1457 256 1520 18.
273 1458 435 1537 -Longa
449 1458 526 1519 folia
540 1457 635 1518 hahet
649 1458 713 1517 fere
728 1455 768 1517 ad
783 1461 930 1535 quattuor
945 1454 1070 1533 digitos.
1086 1455 1166 1518 Plin.
1189 1455 1238 1531 17,
1256 1455 1307 1525 ta,
1324 1454 1376 1515 86.

207 1564 244 1624 Et
257 1564 307 1625 vel
322 1564 406 1643 apud
415 1564 542 1627 infimae
557 1564 719 1626 latinitatis
730 1566 908 1643 scriptores,
922 1581 1102 1643 quanquam
1117 1561 1239 1625 rarius:
1257 1560 1379 1623 Sinues-

207 1690 259 1735 sae
269 1672 465 1753 adquattuor
479 1673 566 1735 milia
580 1691 776 1734 servoruma
790 1672 826 1745 Ο.
838 1672 959 1733 Metello
969 1677 999 1734 et
1011 1673 1066 1735 Gn.
1078 1669 1209 1733 Servilio
1224 1669 1380 1750 Caepione

207 1798 358 1860 oppressa
372 1785 456 1842 sunt.
471 1779 563 1843 Oros.
574 1780 646 1840 hist.
663 1781 693 1855 5,
710 1780 740 1855 9,
755 1782 787 1841 4.
803 1780 1003 1841 -Boiorum
1032 1780 1195 1858 utriusque
1219 1794 1313 1838 sexus
1339 1774 1381 1838 ad

208 1889 334 1948 centum
349 1888 576 1966 quinquaginta
591 1891 621 1948 et
635 1892 755 1966 septem
770 1887 858 1948 milia
870 1886 1049 1948 hominum.
1065 1885 1170 1948 idib.
1187 1886 1217 1957 6,
1243 1887 1272 1962 7,
1289 1882 1378 1963 5(t).

247 1992 278 2073 1))
294 1993 496 2072 Meroviugici
514 2011 588 2054 vero
616 1994 805 2072 particulam
832 1992 872 2055 ad
900 1991 952 2055 vix
977 1992 1155 2066 adhibuisse
1170 1991 1315 2054 videntur
1338 1989 1381 2051 ad

210 2097 456 2177 designationem
471 2099 677 2172 numeralem,
694 2099 821 2179 eiusque
836 2100 997 2160 rarissima
1011 2099 1142 2176 vestigia
1151 2099 1182 2159 in
1192 2099 1381 2158 instrument·

209 2206 248 2264 tis
260 2204 310 2265 vel
323 2205 408 2283 apud
423 2207 590 2283 scriptores
602 2205 751 2283 reperias.
769 2203 801 2265 Si
816 2210 993 2266 extremum
1007 2205 1130 2266 numeri
1144 2203 1278 2264 limitem
1300 2200 1381 2264 indi·'

210 2328 281 2371 care
304 2311 411 2386 velint,
429 2316 518 2372 extra
546 2329 640 2390 quem
667 2329 733 2373 non
760 2311 876 2372 debeas
915 2313 1033 2389 egredi,
1069 2316 1198 2372 utuntur
1223 2312 1381 2373 locutione

210 2418 398 2500 redundanti
415 2417 571 2497 usquead,
591 2418 686 2480 modo
714 2416 875 2479 simillimo
898 2437 934 2479 ac
949 2420 1075 2497 ponitur
1090 2419 1131 2479 ad
1153 2420 1324 2479 terminum
1349 2418 1382 2478 in

210 2529 353 2603 tempore
368 2523 570 2601 signandum.
587 2522 682 2586 Cuius
696 2525 838 2605 proiecto
857 2527 903 2587 rei
916 2526 948 2585 in
963 2526 1031 2587 solo
1043 2527 1132 2603 Legis
1147 2523 1266 2586 Salicae
1293 2530 1382 2585 textu

211 2629 355 2712 exempla
381 2637 549 2694 occurrunt
576 2650 672 2711 quam
699 2633 861 2712 plurima:
883 2633 950 2705 Quo
969 2650 1101 2694 numero
1116 2650 1209 2711 usque
1236 2631 1275 2693 ad
1303 2632 1383 2693 duos

211 2756 334 2817 porcos
357 2739 446 2801 LSal.
464 2741 493 2816 1,
509 2741 539 2812 1,
557 2741 586 2802 6.
604 2773 645 2786 -
660 2740 691 2801 81
704 2742 775 2818 quis
790 2741 928 2820 porcello
941 2745 1063 2801 tertusu
1079 2739 1278 2801 imbulaverit
1291 2756 1384 2818 arque

211 2844 251 2906 cd
265 2847 457 2909 anniculum.
473 2848 531 2923 lb.,
548 2849 577 2921 1,
595 2848 624 2921 1,
641 2846 746 2910 9.-81
759 2864 834 2909 vero
850 2846 984 2927 amplius
994 2865 1088 2928 usque
1101 2845 1384 2909 cdllXVanimalia

210 2953 373 3015 furaverit.
385 2954 431 3018 lb.
444 2957 471 3030 1,
485 2957 515 3027 3,
533 2954 637 3018 7.-81
651 2973 729 3033 grex
743 2956 850 3017 minor
864 2955 957 3017 fuerit
967 2974 1059 3036 usque
1072 2955 1113 3018 ad
1130 2959 1251 3034 septem
1267 2952 1382 3033 capita.

211 3060 256 3122 lb.
273 3063 301 3136 l,
318 3062 411 3132 38,1.
427 3094 468 3107 --
483 3059 580 3142 Usque
594 3061 634 3124 cd
648 3067 712 3123 tres
726 3062 878 3125 viceslb.
896 3065 924 3138 1,
942 3064 992 3136 50,
1009 3064 1038 3122 1.

253 3168 365 3245 Magna
379 3167 521 3247 paucitas
537 3173 585 3229 est
608 3170 815 3248 speciminum
835 3168 1078 3250 praepositionis
1101 3190 1157 3251 per
1171 3190 1203 3232 se
1218 3185 1386 3232 numerum

214 3272 379 3350 signantis,
396 3279 427 3335 et
441 3292 479 3335 ea
493 3281 636 3353 spectant
650 3278 754 3353 potius
768 3277 809 3337 ed
824 3294 991 3338 numerum
1007 3277 1170 3339 definitum
1186 3279 1234 3341 vel
1248 3279 1289 3339 ad
1299 3261 1387 3339 locu·

213 3379 316 3442 tiones
329 3379 445 3441 rustice
474 3380 562 3442 lictus
586 3401 740 3460 usumque
768 3382 894 3461 linguae
909 3386 1089 3447 romanicae
1104 3388 1167 3447 iam
1193 3386 1385 3464 prodentes:

215 3486 247 3549 Si
261 3486 301 3548 ad
314 3487 420 3567 plures
434 3506 509 3548 vero
525 3508 621 3566 usque
637 3491 678 3550 ad
692 3509 747 3550 sex
761 3509 835 3569 apes
848 3490 925 3551 foris
938 3497 1021 3553 tecto
1037 3493 1138 3554 furate
1153 3492 1279 3554 fuerint.
1296 3489 1385 3553 LSal.

215 3596 243 3667 3,
261 3596 291 3670 8,
307 3596 337 3655 3.
356 3629 394 3639 -
407 3593 454 3655 Ad
469 3596 600 3675 duplum
616 3599 683 3675 ipso
697 3598 815 3658 locario
836 3598 926 3659 vobis
949 3601 1080 3660 reddere
1103 3600 1252 3677 spondeo.
1279 3601 1386 3660 Form.

215 3701 308 3762 Marc.
327 3703 356 3774 1,
370 3703 419 3776 16,
437 3721 468 3780 p.
485 3701 654 3784 91,11(1).
671 3704 789 3764 101010
803 3707 902 3766 veteri
917 3706 1031 3784 gallico
1051 3723 1195 3766 sermone
1212 3724 1219 3766 :
1235 3704 1274 3766 Al
1295 3704 1389 3765 dohla

248 4003 281 4067 (1)
300 4004 336 4053 De
355 4017 407 4067 quo
425 4003 459 4055 cs.
478 4011 616 4067 praeterea
636 4005 787 4066 Tursellin.,
805 4020 863 4070 cap.
885 4007 908 4067 8,
923 4010 937 4067 9
951 4009 973 4068 2,
989 4010 1019 4069 23
1034 4006 1147 4074 Madvig,
1165 4008 1317 4070 Gramm.,§
1336 4009 1391 4071 111,

216 4105 282 4143 rem.
294 4094 322 4155 23
337 4093 462 4156 Draeqar.
472 4093 538 4143 Hist.
555 4094 642 4158 Syna,
655 4099 674 4144 t.
688 4096 707 4156 Ι,
724 4109 749 4158 p.
766 4097 820 4146 580.

247 4180 331 4245 (1)(11.
345 4182 565 4245 praepositionem
584 4183 612 4233 in
631 4185 725 4235 eadem
739 4185 842 4235 ratione
855 4186 989 4249 positam:
1004 4188 1134 4238 Restituta
1149 4188 1178 4237 in
1198 4187 1305 4251 duplum
1319 4187 1394 4237 omni

216 4270 369 4321 facultatae.
381 4271 458 4335 Greg.
470 4272 531 4320 Tur.
553 4272 606 4324 HF.
622 4275 644 4333 l,
661 4273 684 4321 8.
704 4299 734 4309 -
753 4274 809 4323 Hoc
823 4280 862 4323 est
876 4274 905 4324 10
919 4274 1036 4339 triplum.
1049 4275 1123 4326 LSal.
1139 4277 1161 4337 1,
1177 4277 1200 4337 3,
1217 4279 1239 4325 5.
1252 4276 1298 4327 Vel
1311 4276 1395 4327 etiam

216 4374 263 4424 pra
277 4359 351 4410 :Pro
364 4359 474 4422 duplum
489 4360 516 4410 in
530 4361 677 4412 crastinum
698 4376 771 4413 me...
793 4364 904 4413 teneatis
924 4364 1076 4415 obnoxium.
1096 4365 1185 4416 Form.
1205 4364 1288 4418 Marc.
1309 4365 1334 4427 2,
1349 4366 1392 4428 11,

217 4460 242 4510 p.
263 4449 302 4509 aa,
317 4450 356 4498 n.
1196 4440 1201 4451 ’
