3084 5067
642 353 800 413 ..59-

137 514 281 577 transitio
295 514 379 576 fecta
401 515 442 576 sit
458 533 465 577 :
481 516 659 595 Properant
669 514 709 578 od
731 514 928 594 alligandum
951 530 1034 576 eum.
1051 514 1145 592 drag.
1154 514 1228 576 Tur.
1236 514 1304 578 VM.

137 622 167 698 1,
184 621 235 685 17.
249 653 290 669 -
302 620 349 683 Ar
363 623 567 685 ambiendum
577 624 748 685 sacerdotis
763 623 897 701 gradum
907 621 1024 683 audeat
1030 622 1204 700 adspirare.
1218 620 1304 685 CAG.

136 746 226 791 conc.
257 730 464 810 Lugdunense
489 732 518 804 1,
547 749 577 792 a.
607 730 677 803 517,
705 748 776 793 can.
793 731 822 806 5,
843 748 876 808 p.
890 729 962 791 103.
976 761 1015 773 -
1031 729 1251 808 Praecepimus
1271 733 1306 789 ut

134 835 242 897 nullus
254 835 294 899 ad
308 836 545 917 subripiendum
561 840 593 898 in
614 838 720 916 aliquo
735 839 910 898 conaretur.
927 837 1027 915 Capit.
1040 837 1079 896 M.
1095 836 1123 911 1,
1134 853 1164 897 a.
1181 835 1303 908 507-11,

134 962 168 1024 p.
184 943 214 1017 1,
229 945 279 1004 11.
295 942 392 1005 -Ad
405 962 476 1006 eam
490 944 733 1023 infrangendam
756 947 911 1023 temptare
925 943 1180 1022 praesumpserit.
1197 944 1303 1005 Form.

134 1048 243 1138 8117,
260 1068 293 1130 p.
322 1052 391 1125 111,
409 1052 440 1115 1.
455 1084 494 1099 ·-·
508 1052 574 1113 Hoc
601 1051 641 1113 ad
668 1050 894 1131 perficiendum
925 1050 1111 1128 quantocius
1138 1050 1302 1111 inchoetis.

133 1161 238 1239 Cepit.
255 1161 318 1224 llil.
333 1179 364 1224 a.
380 1161 449 1236 853,
462 1179 494 1240 p.
510 1161 581 1233 111,
592 1162 622 1223 1.
632 1161 701 1220 Νοη
713 1159 844 1221 dubium
856 1160 940 1219 enim
949 1158 1184 1219 videturminus
1194 1157 1305 1219 finales

131 1267 187 1329 hio
212 1285 321 1329 sensus
347 1268 501 1330 declarari
528 1285 623 1347 quam
647 1269 729 1328 inter
756 1267 911 1345 gerundia
936 1266 1122 1327 relationem
1151 1269 1182 1326 et
1208 1264 1305 1325 verba

133 1372 289 1455 incohare,
306 1381 433 1449 tentore,
447 1375 618 1455 adspirare,
637 1378 696 1438 etc.
713 1374 800 1435 Adde
814 1372 926 1435 iisdem
952 1372 1029 1434 locis
1044 1369 1231 1451 gerundium
1247 1385 1305 1451 pro

134 1480 258 1559 vulgari
269 1480 425 1543 infinitivo
440 1482 527 1561 poni.

174 1586 305 1649 Multum
318 1593 425 1650 temen
440 1588 539 1664 abest,
564 1588 674 1662 fateor,
690 1589 767 1668 quin
790 1587 978 1650 documenta
1000 1588 1070 1648 aevi
1099 1587 1305 1665 merovingioi

133 1692 184 1755 vel
197 1694 370 1755 deterrima
379 1697 534 1774 integram
546 1696 694 1758 cotidiani
709 1696 861 1758 sermonis
871 1693 1154 1774 figuramreferant
1171 1712 1178 1755 ε
1194 1695 1228 1754 in
1242 1709 1304 1773 quo

132 1800 373 1880 suspicarilicet
392 1804 457 1864 iam
484 1802 736 1883 frequentissime
762 1804 803 1864 ad
830 1807 936 1882 partes
963 1801 1096 1881 copulae
1120 1801 1303 1879 deputatam

132 1908 400 1986 praepositionem
413 1910 497 1970 inter
511 1910 608 1971 verba
620 1910 746 1971 initium
760 1909 876 1988 agendi
890 1908 1049 1987 signantia
1063 1910 1094 1969 et
1108 1924 1303 1985 consequen·

132 2015 198 2073 tem
212 2014 415 2076 infinitivum.
431 2013 515 2077 Adeo
530 2020 566 2077 ut
578 2015 674 2077 fidem
685 2033 749 2076 non
774 2018 972 2095 exsuperent,
989 2015 1132 2093 quamvis
1159 2012 1305 2092 exempla

131 2119 290 2196 deficiant,
313 2122 375 2185 hae
402 2123 548 2202 vulgares
574 2124 759 2199 locutiones,
781 2126 806 2185 si
819 2125 888 2203 quis
912 2140 965 2184 eas
993 2122 1114 2184 coicere
1141 2119 1302 2184 voluerit:

129 2229 231 2309 coepit
256 2228 306 2310 od,
335 2229 506 2311 incipttad,
531 2232 702 2294 eumtnitiot
726 2230 777 2304 ad,
802 2228 1013 2310 protensitad
1031 2228 1143 2307 facere,
1160 2227 1303 2307 aliaeque

132 2336 273 2399 eiusdem
287 2338 387 2400 modi.
409 2338 579 2401 lllesenim
593 2339 634 2400 ad
654 2337 891 2399 similitudinem
906 2336 1136 2415 repraesentari
1158 2336 1191 2394 in
1205 2339 1304 2397 veteri

131 2449 241 2508 nostre
249 2445 359 2525 lingua
373 2448 533 2508 neminem
552 2446 642 2525 fugit,
664 2452 695 2507 et
717 2447 762 2506 ita
789 2444 944 2506 infinitivo
958 2461 1052 2523 saepe
1079 2444 1305 2523 praepositioni

130 2552 279 2614 adiuncto
294 2552 388 2614 fuisse
398 2553 538 2631 quodam
554 2553 648 2613 modo
662 2556 793 2631 pensata
803 2551 930 2624 damna,
947 2567 1019 2611 cum
1038 2554 1143 2610 rueret
1168 2550 1200 2609 in
1214 2550 1303 2628 peius

90 2718 93 2724 .
127 2660 272 2739 syntaxis
286 2660 555 2721 constructionum
579 2657 749 2719 latinarum
765 2657 948 2736 elegantior.
965 2657 1075 2718 Adsint
1099 2654 1304 2717 nihilominus

128 2765 279 2846 exempla
293 2767 448 2846 quaedam
466 2785 473 2828 :
488 2764 515 2827 Α
541 2766 661 2829 coleiar
674 2766 772 2827 fellon
787 2766 818 2826 lo
846 2765 1022 2844 presdrent.
1039 2762 1180 2837 Pession,
1196 2765 1248 2826 17.
1262 2795 1303 2809 -

128 2874 206 2935 Pres
219 2891 239 2934 a
251 2872 369 2953 parler.
384 2873 430 2937 lb.
444 2874 496 2937 65.
511 2903 552 2920 -
562 2874 677 2935 Evvrui
689 2875 798 2953 pristo
812 2872 935 2934 castier.
953 2872 1084 2949 SLeger,
1101 2870 1153 2932 18.
1163 2900 1204 2915 -
1217 2870 1302 2930 Danz

128 2979 237 3042 Alexis
250 2979 282 3041 la
291 2981 370 3059 prist
382 2979 423 3044 etl
434 2981 550 3061 apeler,
579 2978 611 3040 la
636 2980 750 3042 mortel
764 2978 836 3041 vide
863 2978 886 3038 li
911 2979 989 3057 prist
1013 2975 1126 3038 molta
1153 2973 1301 3038 blosmer.

128 3086 245 3164 Alexis,
263 3088 311 3148 13.
326 3118 369 3135 ·-
380 3088 425 3149 La
438 3088 520 3150 hone
534 3088 642 3150 madre
657 3086 721 3148 s'en
735 3086 813 3166 prist
830 3103 851 3148 a
878 3075 1050 3147 dementer.
1066 3084 1112 3147 lb.
1127 3084 1177 3144 16.
1194 3113 1234 3129 -
1257 3085 1301 3143 De

127 3211 342 3274 guarnemenz
355 3212 388 3256 se
402 3198 496 3274 prent
507 3212 528 3257 o
540 3212 681 3257 cunreer.
701 3195 769 3256 ltol.
784 3194 853 3255 313.
868 3223 909 3288 τ
922 3190 968 3254 (lil
978 3190 1111 3270 Folques
1122 3187 1300 3268 dontjevos

127 3301 174 3375 di,
190 3317 338 3378 comenge
351 3319 371 3363 a
382 3300 490 3381 parler
503 3301 541 3363 de
556 3302 633 3365 Deu.
647 3300 760 3363 viden.
778 3301 854 3361 1.-
864 3298 1130 3360 Comencierento
1144 3294 1300 3358 asemhler

127 3425 171 3472 en
185 3409 310 3472 Venise.
326 3409 371 3473 ld.
388 3411 440 3473 17.

170 3516 258 3578 Hanc
272 3534 348 3595 ergo
362 3521 562 3592 structuram,
575 3518 634 3578 etsi
651 3534 708 3596 per
722 3533 755 3577 se
769 3514 861 3578 valde
876 3513 1002 3576 differre
1022 3511 1178 3583 videatur,
1194 3513 1298 3571 ortam

126 3640 255 3704 quoque
269 3622 408 3686 arbitror
422 3641 439 3685 e
453 3623 540 3685 finali
554 3622 782 3703 significatione
792 3639 888 3703 quam
899 3620 984 3701 apud
996 3619 1122 3680 Latinos
1137 3616 1177 3680 ad
1186 3616 1298 3679 hahuit

125 3728 345 3810 praepositum
359 3728 524 3808 gerundia

686 3959 736 4066 Ill.

169 4141 363 4224 Praepositio
391 4141 431 4204 ad
457 4142 560 4204 finalis
588 4142 683 4203 etiam
712 4140 938 4205 consideranda
967 4144 1014 4201 est
1037 4139 1063 4199 si
1078 4155 1141 4198 nnn
1165 4135 1293 4198 everho

124 4248 272 4331 pendeat,
281 4249 337 4310 sed
347 4247 541 4311 substantivo
552 4251 719 4329 eamqoasi
731 4249 871 4309 trahenti
885 4251 1055 4325 utcumque
1069 4248 1291 4323 postponatur:

122 4356 351 4439 quodquidam
366 4354 487 4416 duobus
500 4354 579 4415 effici
594 4360 695 4434 potest
711 4354 822 4429 modis,
846 4356 910 4415 sive
932 4352 1122 4431 gerundium
1135 4348 1293 4429 praeposi·

124 4464 173 4525 tio
188 4467 289 4544 reget,
305 4461 370 4527 sive
382 4460 610 4532 substantivum
625 4460 710 4525 aliud
723 4478 850 4526 nomen.
