3084 5067
680 269 837 329 ...87-

174 425 320 506 mejorn.
337 426 380 490 lb.
398 427 622 503 116-61111
634 446 673 490 en
687 430 760 504 mai,
776 428 809 491 ul
817 428 952 507 premier
962 426 1018 507 jur
1027 427 1146 490 d'estet.
1163 429 1231 492 Rol.
1248 430 1341 492 1618.

175 532 282 596 -Vus
295 533 324 596 le
338 536 437 610 sivregz
456 537 566 597 ofeste
582 538 661 597 seint
673 536 807 600 Michiel.
822 536 868 597 lb.
885 537 933 596 37.
956 570 995 580 -
1008 533 1034 595 Α
1048 535 1107 597 ioel
1115 534 1171 614 jur
1183 536 1309 597 vienent
1326 556 1345 598 a

176 641 363 719 Sarraguce.
380 642 530 726 1112645.
542 639 616 702 -Α
631 661 673 702 un
684 642 738 722 jur
751 643 827 703 Ysai'
840 641 950 721 apelad
969 642 1077 703 David.
1095 644 1179 703 Rois.
1196 658 1227 722 p.
1243 644 1292 703 63.
1305 676 1346 689 -

175 748 253 809 Lors
277 748 381 808 iurent
404 748 558 810 assemble
573 768 591 810 a
606 767 649 809 un
664 749 841 812 dimanche.
858 749 971 811 Villeh.
988 750 1037 811 64.
1054 748 1132 811 -A
1152 750 1199 811 cel
1213 749 1344 810 termine

176 872 209 915 se
223 855 305 932 parti
328 856 467 915 Reniers.
485 855 531 916 ld.
547 855 617 915 311.
634 853 711 916 -A
726 857 804 917 deus
826 875 882 917 ans
905 860 1008 936 apres,
1025 856 1131 917 Houce
1145 854 1256 936 partic,
1275 857 1342 917 193.

176 991 217 1007 -
231 962 266 1021 Li
281 959 368 1023 sainz
379 979 453 1043 roys
468 962 501 1022 fu
514 981 534 1023 1
546 962 672 1024 6116111
686 981 705 1023 a
720 981 781 1024 une
797 963 1036 1025 Penthecouste.
1052 962 1154 1026 Joinv.
1171 964 1221 1024 36.

735 1229 786 1334 Ill.

216 1390 401 1462 Locutiones
417 1389 638 1454 adverbialiter
652 1390 785 1470 positae,
801 1408 880 1469 quae
894 1390 935 1452 ad
947 1391 1099 1470 temporis
1113 1388 1256 1451 notitiam
1269 1389 1348 1470 rele-

175 1500 300 1570 runtur,
316 1514 372 1577 per
388 1516 421 1559 se
436 1498 511 1559 satis
526 1497 643 1559 habent
656 1499 806 1559 momenti
821 1502 855 1558 ut
869 1516 922 1559 eas
937 1517 956 1560 a
971 1498 1081 1559 ceteris
1096 1516 1219 1575 quoque
1239 1515 1347 1576 segre-

175 1621 248 1682 gem
264 1608 295 1664 et
309 1604 347 1665 de
368 1602 545 1684 praecipuis
569 1603 681 1665 saltem
703 1603 841 1666 breviter
865 1604 1029 1665 disseram.
1046 1604 1283 1665 Observandum
1302 1609 1348 1665 est

175 1711 235 1773 has
256 1710 431 1773 locutiones
446 1712 490 1773 ita
504 1712 686 1774 concinnari
710 1717 743 1772 ut
767 1710 992 1792 praepositioni
1006 1710 1045 1773 od
1060 1709 1249 1792 adiungatur
1264 1712 1347 1791 apud

177 1816 303 1879 Lutinos
316 1818 546 1879 substantivum
560 1836 675 1880 nomen
687 1818 737 1879 vel
751 1818 949 1894 adiectivum‚
963 1819 1046 1897 apud
1055 1820 1283 1896 Merovingieos
1295 1838 1348 1881 au·

174 1928 240 1987 tem
262 1927 393 1988 accedat
415 1924 511 1987 etiam
536 1926 729 2001 adverbium,
753 1927 838 2007 quod
859 1926 958 1987 multo
974 1927 1075 2006 magis
1090 1944 1109 1987 a
1123 1925 1347 1988 consuetudine

174 2032 330 2093 bonorum
344 2037 509 2095 auctorum
523 2034 700 2114 discrepare
712 2031 866 2094 videatur.

216 2140 246 2220 a)
260 2141 344 2200 lnter
366 2140 570 2201 usitatissima
583 2140 733 2222 loquendi
756 2158 874 2219 genera
898 2140 1036 2201 notanda
1050 2143 1122 2201 sunt
1143 2139 1287 2218 inprimis
1308 2139 1347 2201 col

177 2254 291 2328 tempus
306 2246 388 2308 etad
398 2265 554 2327 praesens.
1297 2261 1299 2268 ⁴

217 2354 344 2415 Locutio
359 2353 399 2415 od
413 2361 527 2434 tempas
541 2354 625 2415 idem
640 2354 724 2434 apud
739 2355 867 2417 Latinos
883 2354 990 2416 valere
1004 2353 1128 2414 videtur
1138 2358 1232 2431 atque
1247 2351 1287 2413 od
1298 2351 1347 2413 de-

176 2460 271 2522 bitam
297 2469 411 2540 tempus
434 2460 484 2521 vel
506 2460 546 2521 ad
569 2460 692 2541 aliquod
708 2469 832 2541 tempus,
850 2465 884 2521 ut
898 2462 930 2521 in
951 2462 1001 2521 his
1017 2479 1024 2520 :
1041 2458 1088 2520 Ad
1102 2469 1216 2539 tempus
1229 2457 1345 2520 redire.

173 2565 235 2629 (lic.
253 2567 293 2627 ad
308 2566 368 2627 Att.
387 2567 435 2643 13,
450 2570 480 2628 4.
498 2600 539 2613 -
552 2567 667 2628 Consul
679 2567 719 2628 od
734 2575 847 2646 tempus
862 2585 934 2627 cum
948 2566 1105 2646 praesidio
1117 2565 1263 2628 venisset.
1278 2564 1342 2626 liv.

173 2672 289 2745 3111.
307 2675 428 2733 -Dux
453 2672 673 2734 tumultuarius
693 2673 726 2732 L.
752 2672 897 2747 Marcius,
923 2677 954 2733 et
979 2671 1106 2732 militari
1131 2672 1282 2750 suffragio
1308 2669 1348 2732 ad

173 2787 287 2860 tempas
318 2780 424 2870 lectus.
449 2781 495 2843 ld.
524 2771 583 2856 88,
597 2782 648 2841 ln.
675 2781 808 2842 Sensum
831 2780 915 2858 apud
941 2778 1134 2841 Christianos
1160 2782 1271 2857 poetas
1294 2782 1348 2838 aut
1456 2825 1458 2829 .

173 2888 270 2948 etiam
284 2886 317 2947 in
332 2887 468 2966 Legibus
482 2888 625 2948 barbaris
644 2888 709 2948 fere
730 2886 865 2948 eundem
884 2885 1032 2947 exhibet:
1058 2884 1089 2946 Si
1113 2903 1245 2965 corpore
1267 2885 1348 2946 cessi

172 2993 340 3074 adtemptat
355 2994 472 3073 fragili.
490 2994 580 3055 Paul.
609 2994 679 3056 Nol.
700 3012 807 3074 poem.
826 2995 875 3069 15,
901 2994 971 3056 313.
988 3029 1026 3038 -
1048 2994 1150 3055 Instos
1170 2991 1211 3053 ad
1233 2999 1348 3072 tempos

172 3119 303 3178 surgere
317 3106 421 3163 tecum
432 3101 691 3163 iussisticineres.
712 3100 820 3162 Sidon.
838 3118 937 3162 carm.
958 3102 1006 3175 16,
1031 3119 1062 3179 p.
1079 3101 1149 3161 383.
1168 3133 1207 3143 -
1223 3099 1342 3160 Vacare

126 3275 134 3291 ‚
173 3209 310 3271 orationi
324 3208 364 3270 ad
379 3216 503 3288 tommo.
521 3208 600 3271 Avit.
628 3227 677 3288 ep.
694 3211 723 3283 4,
740 3227 772 3290 p.
790 3209 840 3281 31,
857 3210 887 3271 6.
903 3205 1003 3268 -Ad
1027 3215 1141 3286 tempta
1162 3195 1194 3267 in
1218 3205 1346 3268 exilium

171 3316 339 3395 relegatur.
367 3316 487 3394 LBurg.
501 3303 547 3377 'P.
575 3316 623 3390 18,
652 3317 681 3379 6.
710 3317 780 3378 Non
800 3315 930 3375 dubium
952 3320 1058 3375 tamen
1078 3314 1347 3393 opportunitatem

172 3424 275 3504 magis
289 3441 326 3485 ac
342 3424 443 3500 magis
458 3422 565 3485 addito
580 3422 656 3488 certi
682 3424 789 3503 puncti
804 3441 897 3483 sensu
921 3423 1078 3499 signatam
1093 3439 1161 3481 esse
1177 3425 1210 3481 nt
1225 3422 1258 3480 in
1273 3420 1344 3481 his:

172 3531 233 3592 6111
246 3529 337 3592 nobis
351 3531 454 3610 ipsam
468 3530 754 3614 impossibilitatem
768 3529 809 3590 ad
824 3536 939 3610 tempus
954 3547 1017 3590 non
1028 3527 1233 3589 adnuntiavit.
1244 3527 1344 3606 Capit.

172 3637 235 3699 HL.
252 3656 280 3698 1.
307 3637 376 3712 883,
393 3655 424 3715 p.
441 3638 512 3709 366,
537 3639 586 3698 31.
612 3672 651 3681 -
676 3636 776 3715 Capit.
796 3637 859 3697 KG.
876 3655 905 3698 1.
922 3637 992 3710 864,
1008 3654 1040 3714 p.
1056 3635 1127 3706 498,
1143 3634 1193 3695 41.
1218 3633 1292 3695 lnde
1314 3634 1346 3695 in

171 3741 286 3822 gallico
302 3761 465 3804 sermone:
482 3729 528 3803 N'i
542 3744 678 3823 poedent
692 3748 773 3804 estre
789 3761 808 3804 o
823 3750 897 3805 tenc.
915 3742 984 3803 liol.
1004 3741 1093 3802 1841.
1286 3722 1289 3726 ’

212 3850 338 3912 Nullam
357 3850 388 3910 in
411 3839 563 3911 latinitate
586 3849 654 3911 aevi
676 3849 882 3930 merovingici
897 3850 997 3926 magis
1018 3848 1193 3910 adhibitam
1208 3849 1347 3930 reperies

171 3957 341 4020 formulam
361 3975 456 4035 quam
474 3956 514 4018 nd
528 3975 683 4038 praesens,
701 3956 902 4036 praecedenti
925 3960 1064 4020 ceterum
1089 3956 1239 4018 adfinem.
1262 3955 1346 4026 Quae

171 4063 312 4143 profecto
327 4080 399 4124 cum
415 4063 497 4144 apud
512 4064 639 4125 Latinos
656 4064 843 4124 admonente
861 4062 1036 4124 Tursellino
1047 4062 1127 4143 (cap.
1145 4063 1174 4135 8,
1190 4062 1249 4139 §b
1266 4061 1296 4141 2)
1308 4062 1348 4123 sit

172 4171 287 4242 rarior,
303 4187 403 4249 prope
418 4187 543 4248 semper
555 4170 638 4249 apud
655 4170 783 4231 eosdem
797 4169 842 4232 ita
856 4172 984 4249 ponitur
999 4172 1031 4229 ut
1045 4167 1212 4249 temporali
1227 4167 1346 4247 signifi-

174 4276 289 4339 cationi
313 4277 442 4339 accedat
456 4277 551 4337 etiam
572 4275 696 4337 causale
720 4276 857 4356 aliquid:
874 4276 973 4350 Quod,
989 4294 1100 4355 aspere
1120 4280 1284 4356 occeptum
1307 4274 1347 4336 ad

171 4400 326 4464 1111111111,
352 4400 427 4448 mox
450 4384 484 4444 in
504 4383 628 4462 laudem
649 4384 754 4445 vertit.
774 4382 847 4445 Tac.
864 4400 938 4445 ann.
954 4384 984 4456 4,
1001 4383 1051 4443 31.
1066 4414 1107 4430 -
1120 4383 1346 4444 Munimentum
