3084 5067
634 348 793 408 ..93-

122 510 249 569 nostrae
264 505 389 587 linguae
400 506 610 572 monumentis
625 525 704 586 quae
718 507 863 570 dicuntur
876 505 1072 586 Argentorati
1083 501 1291 587 Sacramenta,

123 610 228 676 Passio
242 612 369 690 Chresti,
387 613 455 677 Vita
466 612 500 678 S.
513 612 709 696 bordanaria
725 615 862 676 formam
876 632 951 676 vero
966 614 1177 676 recentiorem
1192 619 1223 676 et
1235 613 1301 692 gal·

123 719 218 781 licam
229 721 266 783 od
280 723 313 783 in
326 720 394 784 Vita
406 718 439 783 S.
454 720 602 801 Alexidis,
619 723 651 781 in
665 726 811 800 poemate
825 719 1026 800 Hraodlandi,
1044 726 1103 785 etc.

164 827 232 900 Quo
255 829 465 890 mutationum
486 834 628 910 tempore
654 846 751 890 sonus
774 828 908 889 duarum
929 827 1199 908 praepositionum
1221 828 1300 890 adeo

124 933 236 995 similis
251 937 466 1015 essepotuerit
478 940 513 997 ut
523 937 652 998 omniuo
668 934 749 996 inter
759 952 793 995 se
803 934 1080 1009 confunderentur,
1096 935 1183 997 latet.
1200 936 1301 997 Immo

124 1041 359 1103 concedendum
369 1046 418 1103 est
427 1046 591 1121 utramque
604 1043 634 1103 vi
646 1040 773 1121 propria
782 1040 920 1121 viguisse
934 1047 965 1101 et
976 1041 1150 1103 adolevisse
1162 1059 1301 1130 cumeae

125 1146 326 1211 distinctione
341 1148 462 1211 formae
476 1153 601 1210 notatas
615 1149 647 1210 in
658 1147 771 1226 gallico
787 1165 931 1210 sermone
945 1148 1086 1212 invenias
1100 1148 1150 1210 vel
1164 1150 1256 1210 tertio
1271 1153 1302 1210 et

123 1252 246 1318 decimo
257 1255 396 1320 saeculo.
409 1254 442 1318 Si
450 1260 558 1320 tamen
567 1254 827 1318 animadverteris
837 1272 875 1318 eo
884 1256 978 1317 etiam
987 1260 1128 1344 tempore
1138 1257 1198 1317 det
1207 1255 1255 1337 od,
1270 1273 1299 1328 o,

125 1376 314 1422 concurrere
330 1362 370 1423 ad
390 1362 559 1426 relationes
582 1363 647 1423 fere
670 1362 799 1423 easdem
814 1363 995 1442 signandas,
1020 1362 1125 1438 licebit
1144 1361 1302 1441 ,suspicari

123 1466 293 1544 particulas
307 1467 479 1548 antiquitus
494 1467 659 1547 ingruente
673 1468 822 1530 barbaria
832 1470 1010 1548 promiscue
1031 1473 1200 1548 usurpatas
1212 1486 1299 1531 esse:

123 1573 303 1652 opinionem
317 1575 534 1654 quadantenus
549 1575 782 1638 confirmabunt
804 1575 993 1640 documenta
1007 1577 1077 1637 aevi
1092 1574 1299 1654 merovingici

123 1695 205 1756 quae
220 1697 283 1741 uon
306 1680 413 1756 semel,
430 1685 465 1741 ut
485 1680 674 1758 videbimus,
690 1679 811 1744 collatis
833 1683 930 1743 variis
945 1680 1089 1744 codicum
1109 1680 1295 1744 lectionibus

124 1805 218 1848 usum
232 1788 435 1852 fluctuantem
449 1790 532 1851 inter
545 1789 585 1856 ad
606 1793 637 1852 et
656 1789 694 1851 ab
722 1788 784 1872 (ε
802 1789 894 1870 apatd)
914 1789 1084 1852 declarant.
1107 1790 1221 1862 Quare,
1237 1790 1295 1849 etsi

123 1893 259 1954 arduum
284 1895 428 1959 videatur
451 1897 615 1960 materiam
630 1898 720 1977 quasi
745 1880 904 1975 geminam
927 1897 1195 1976 comprehendere
1210 1900 1242 1956 et
1255 1894 1296 1956 ad

123 1999 277 2061 amussim
291 2002 447 2080 redigere,
464 2004 731 2082 operaepretium
745 2007 793 2066 est
814 2003 948 2063 duarum
962 2001 1013 2064 hic
1029 2003 1295 2082 praepositionum

121 2124 198 2167 usus
213 2106 358 2186 amplecti
368 2113 399 2170 et
408 2109 513 2188 quoad
523 2109 592 2170 fieri
605 2113 706 2188 potest
720 2108 899 2171 discernere
910 2127 971 2189 quo
986 2115 1146 2171 momento
1161 2114 1293 2187 utraque

120 2211 155 2272 in
169 2212 303 2275 alteram
317 2232 502 2293 repercusso
514 2215 733 2295 praevaluerit.

163 2320 209 2380 ad
226 2320 309 2383 banc
323 2326 430 2383 autem
451 2325 706 2384 concurrentium
731 2341 845 2384 usuum
870 2321 1193 2403 circumscriptionem
1208 2338 1296 2384 acce·

123 2425 250 2497 damus,
268 2433 303 2489 ut
316 2428 464 2502 arbitror,
480 2429 553 2491 licet
567 2430 688 2491 duabus
703 2429 796 2491 rebus
810 2431 854 2492 ita
867 2429 976 2510 positis
990 2448 997 2490 ε

163 2535 195 2593 1⁰
209 2535 403 2614 Praepositio
422 2534 462 2598 ad
483 2537 568 2615 apud
592 2538 751 2598 Romanos
774 2536 825 2596 vel
849 2535 882 2596 in
904 2537 1056 2598 latinitate
1082 2537 1298 2615 merovingius

122 2647 294 2702 eventuum
310 2644 564 2738 consequentiam
579 2647 610 2702 et
625 2642 865 2720 congruentiam
880 2642 999 2723 signat;

163 2747 197 2806 2⁰
211 2748 406 2827 Praepositio
419 2748 499 2828 apud
513 2750 546 2810 in
560 2748 658 2810 latino
674 2747 790 2810 Galliae
806 2746 1037 2826 merovingicae
1047 2766 1192 2809 sermone
1206 2766 1297 2828 pecu·

120 2853 236 2915 liarem
251 2853 311 2915 sibi
336 2855 475 2919 vindicat
498 2873 627 2917 sensum
650 2859 681 2918 et
704 2855 957 2936 frequentissime
972 2873 1030 2934 pro
1055 2854 1209 2935 particula
1229 2872 1296 2918 cum

122 2963 265 3041 ponitur.

165 3068 221 3129 His
235 3073 356 3131 tantum
370 3071 523 3151 expeditis
538 3057 710 3133 diiudicare
726 3072 785 3131 erit
806 3088 902 3151 quam
921 3074 1041 3150 partem
1056 3076 1188 3149 utraque
1203 3087 1293 3149 prae-

121 3176 239 3254 positio
252 3176 294 3237 ad
308 3176 532 3241 declarandum
546 3178 675 3240 modum
688 3177 739 3240 vel
751 3180 997 3240 instrumentum
1007 3176 1066 3238 sibi
1077 3176 1190 3239 merito
1203 3177 1295 3238 edro-

123 3299 202 3361 gare
215 3281 326 3362 possit.

704 3445 726 3504 l.

165 3605 210 3664 ad
224 3605 415 3684 temporales
429 3606 669 3685 praepositionis
683 3604 722 3666 ad
736 3604 992 3682 significationes,
1013 3605 1051 3665 de
1071 3604 1185 3684 quibus
1199 3607 1294 3685 paulo

123 3731 221 3792 supra
235 3714 381 3786 diximus,
398 3713 510 3774 referri
524 3713 616 3774 debet
630 3713 818 3774 constructio
832 3713 989 3791 quaedam
1004 3713 1185 3788 verborum,
1198 3732 1296 3796 quam

121 3820 157 3878 in
172 3821 296 3899 syntaxi
309 3818 406 3880 latina
430 3821 494 3880 iam
519 3821 650 3880 maximi
674 3819 827 3879 momenti
841 3818 944 3903 valere
969 3821 1035 3879 iure
1059 3824 1160 3898 putes.
1177 3821 1295 3900 Nempe

121 3925 182 3986 fuit
197 3926 402 4005 scriptoribus
415 3946 454 3988 ex
469 3931 570 3988 aetate
585 3926 791 3988 Ciceroniana
816 3927 978 4000 usitatum,
996 3925 1022 3986 si
1038 3927 1118 3987 duae
1142 3945 1192 3988 res
1214 3929 1297 3989 inter

124 4050 158 4093 se
172 4034 298 4094 notione
312 4033 451 4113 quadam
466 4035 618 4113 temporis
630 4032 814 4109 iungantur,
827 4050 881 4093 eas
894 4033 926 4091 in
941 4033 1075 4093 eandem
1089 4034 1133 4094 ita
1152 4035 1296 4114 proposi·

122 4141 244 4201 tionem
265 4140 408 4217 digerere
427 4144 461 4200 ut
479 4140 570 4201 alteri
585 4137 738 4218 particula
761 4138 800 4199 ad
818 4144 1030 4218 praeponatur
1047 4158 1054 4200 :
1071 4158 1151 4219 quae
1168 4140 1296 4221 quidem

122 4245 209 4336 apud
217 4248 442 4324 grammaticos
452 4247 640 4309 recentiores
647 4263 703 4326 per
709 4245 938 4324 conpensatione
946 4249 1103 4308 structura
1114 4245 1229 4309 dicitur
1238 4248 1293 4331 (1).

154 4458 189 4524 (l)
203 4458 241 4511 cl.
255 4456 402 4522 Turselliu,
417 4472 475 4524 cap.
491 4459 514 4521 8,
529 4463 542 4521 a
555 4460 579 4522 2,
592 4461 619 4522 s;
632 4460 757 4525 Draegsr,
771 4456 837 4509 Hire.
850 4457 936 4542 Spar,
948 4463 967 4509 t.
983 4458 1003 4519 1,
1019 4471 1045 4522 p.
1060 4459 1113 4524 tlt,
