3084 5067
652 385 813 447 ..67-

148 550 171 611 li
183 567 254 612 sera
267 550 396 611 rendae.
412 548 552 621 Beneoit,
569 549 631 609 DN.
649 549 756 610 16139.
773 550 870 627 Iunge
885 548 981 610 etiam
993 547 1160 611 formulam
1175 547 1316 612 odonam

148 659 181 716 in
196 655 421 734 antiquissimis
432 656 643 717 monumentis
661 657 862 718 adservatam
879 673 886 716 :
903 654 928 716 ll
945 654 969 715 li
991 657 1180 736 respondent
1202 658 1262 717 tuit
1275 654 1315 718 ad

107 743 112 750 ¹
147 781 199 825 co.
220 765 360 839 Pession,
378 765 427 826 31.

188 872 408 933 Coniecturam
421 877 525 933 autern
540 872 676 943 numeri,
689 888 770 950 quae
782 871 817 931 fit
831 872 924 951 ‘apud
938 872 1065 935 Latinos
1083 871 1316 951 elegantissimo

148 979 391 1058 praepositionis
406 979 445 1041 cd
457 978 633 1041 discrimine
648 980 815 1058 scriptores
838 980 1101 1058 Merovingicivix
1114 980 1238 1058 signare
1256 998 1316 1058 po·

148 1088 245 1146 tuisse
259 1085 404 1147 videntur
418 1085 476 1146 uisi
492 1086 641 1147 adverbio
656 1086 780 1148 circiter
801 1104 858 1165 per
871 1086 1070 1166 periphrasin
1092 1088 1250 1158 adiuncto,
1265 1086 1316 1148 vel

147 1192 303 1271 particula
317 1193 405 1273 quusi
419 1194 509 1255 unice
532 1195 634 1273 posita
650 1212 657 1255 :
673 1193 838 1255 Multitudo
860 1195 1014 1255 immensa
1028 1192 1315 1255 sanctimonialium

147 1300 188 1384 cd
200 1317 358 1362 cumcurm
373 1301 498 1362 circiter
511 1300 728 1363 ducentarum.
746 1301 837 1380 Greg.
856 1301 928 1361 Tur.
946 1301 1004 1362 GC.
1024 1301 1092 1361 101.
1111 1335 1149 1345 -
1172 1299 1317 1362 Caecide·

148 1411 283 1486 runtque
299 1407 342 1468 ibi
356 1407 444 1487 quasi
467 1408 625 1487 quinquae
652 1409 740 1469 milia
769 1409 920 1469 vlrorum.
946 1408 991 1469 ld.
1009 1407 1071 1468 ΗΡ.
1091 1410 1121 1485 9,
1138 1407 1188 1468 31.
1210 1408 1316 1485 Neque

147 1518 256 1575 tamen
271 1514 452 1578 adseverem
467 1516 596 1576 omnino
611 1516 662 1576 his
675 1514 809 1576 saeculis
819 1516 852 1575 in
865 1514 1021 1576 cotidiano
1036 1531 1181 1576 sermone
1189 1515 1316 1593 periisse

147 1620 327 1684 breviorem
336 1639 393 1700 per
406 1619 446 1683 od
461 1622 686 1696 coniecturam,
697 1640 769 1684 cum
790 1621 841 1683 vel
859 1621 892 1682 in
906 1626 1015 1683 nostra
1033 1621 1142 1700 lingua
1155 1621 1317 1701 praeposi·

147 1728 243 1788 tionis
257 1727 413 1807 supersint
427 1729 559 1807 vestigia
573 1729 755 1791 adtributae
770 1746 914 1802 numero,
930 1729 1042 1801 fateor,
1063 1747 1127 1789 non
1155 1732 1240 1791 certo
1264 1727 1319 1789 sed

148 1834 253 1913 potius
265 1834 388 1913 ingenii
411 1841 504 1914 atque
522 1834 687 1897 indefinito
701 1854 708 1896 :
727 1837 868 1898 Moerent
882 1837 975 1916 paien
989 1835 1151 1897 amilliers
1165 1852 1181 1896 e
1197 1853 1216 1896 a
1231 1851 1315 1897 cenz.

148 1939 219 2005 Rol.
245 1941 333 2002 1111.
352 1973 392 1988 -
406 1941 504 2004 Paien
521 1946 594 2003 sunt
608 1947 691 2004 mort
705 1961 725 2004 a
739 1943 870 2004 milliens
885 1947 917 2003 et
929 1962 949 2005 c
963 1943 1034 2004 fuls.
1062 1942 1108 2004 lb.
1133 1943 1221 2004 1139.
1244 1942 1316 2017 Sed,

148 2049 205 2110 etsi
216 2037 348 2127 vestigia
376 2054 559 2126 occurrant,
585 2050 721 2112 arbitror
734 2068 845 2129 reapse
859 2051 1047 2131 particulam
1063 2050 1104 2113 od
1116 2051 1149 2110 in
1163 2048 1318 2134 latinitate

148 2155 217 2215 aevi
235 2156 439 2236 merovingici
454 2175 510 2236 per
523 2175 555 2217 se
570 2176 634 2219 non
656 2175 749 2237 posse
773 2159 837 2218 iam
863 2158 987 2237 signare
1014 2155 1182 2218 relationes
1208 2174 1317 2218 nume-

147 2261 240 2336 rales,
257 2262 347 2324 idest
362 2262 701 2344 adpropinquationem
715 2282 796 2344 quae
825 2264 915 2327 iliad
930 2282 1097 2326 numerum
1111 2282 1169 2344 pro
1183 2264 1318 2326 termino

147 2368 305 2431 habitum.

710 2609 747 2670 ll.

187 2785 218 2865 a)
235 2785 442 2845 Transeamus
462 2804 546 2847 nunc
562 2786 603 2847 ad
622 2786 982 2865 adpropinquationnem
1013 2804 1052 2848 ex
1079 2786 1316 2865 comparatione

147 2891 394 2971 provenientem.
412 2894 520 2972 Aptior
535 2897 582 2955 est
596 2893 668 2954 enin
681 2894 872 2972 praepositio
888 2891 928 2954 cd
949 2895 975 2953 si
990 2892 1160 2972 figuratam
1170 2894 1317 2956 movendi

147 3000 302 3059 rationem
318 2999 443 3078 signare
457 3000 545 3075 velia,
561 3017 688 3079 quares
702 3000 742 3060 ad
757 2999 889 3061 alteram
903 3000 1036 3061 refertur
1045 3004 1080 3060 ut
1091 3004 1242 3079 appareat
1256 3001 1317 3061 dis-

146 3106 268 3166 crimen
281 3104 332 3167 vel
343 3105 527 3169 similitudo.
538 3107 613 3168 lnde
628 3108 833 3186 comparandi
843 3108 940 3182 notio,
953 3124 1034 3186 quae
1048 3124 1112 3167 non
1126 3106 1222 3169 semel
1232 3107 1317 3186 apud

147 3212 275 3273 Latinos
289 3212 468 3273 declaratur
481 3213 638 3291 particula
654 3214 737 3274 idem
752 3231 866 3294 propre
889 3213 1014 3275 valente
1039 3232 1077 3275 ac
1091 3231 1206 3293 graeca
1218 3216 1317 3293 parti·

147 3317 220 3378 cula
243 3322 320 3401 πρός,
340 3322 377 3379 ut
401 3319 434 3377 in
446 3318 497 3378 his
514 3337 521 3379 :
536 3321 640 3393 Estne,
657 3324 692 3379 ut
706 3320 817 3394 fertur,
833 3320 956 3381 forma?
971 3320 1064 3383 Sane.
1080 3321 1118 3380 At
1131 3320 1177 3381 nil
1192 3320 1232 3382 cd
1245 3338 1317 3382 nos·

146 3427 230 3484 tram
259 3425 351 3487 hauc.
380 3427 450 3487 Ter.
468 3427 546 3487 Eun.
577 3427 646 3487 361.
663 3457 703 3472 -··
717 3427 926 3506 cognovimus
944 3428 1048 3488 virum
1066 3428 1186 3489 honum
1208 3432 1239 3488 et
1253 3444 1316 3489 non

147 3530 340 3606 illiteratum,
357 3533 412 3593 sed
427 3532 506 3593 nihil
533 3532 572 3594 cd
587 3533 739 3593 Persium.
756 3532 818 3595 Cic.
842 3535 880 3595 de
905 3538 985 3594 orat.
1002 3535 1031 3608 1,
1056 3535 1084 3594 6.
1102 3567 1141 3577 -
1165 3532 1250 3594 Nihil
1277 3532 1317 3595 cd

147 3636 287 3697 Coelium
301 3639 356 3700 sed
367 3639 469 3718 potius
483 3639 522 3700 cd
536 3638 738 3718 antiquorum
748 3639 933 3719 languorem
943 3645 1036 3718 atque
1047 3639 1254 3701 inscientiam.
1269 3640 1314 3700 ld.

148 3743 185 3804 de
196 3742 257 3821 leg.
275 3745 304 3818 1,
321 3745 751 3818 1.-111υῃυωαάᾶθοεηι,
769 3748 814 3807 sic
830 3748 937 3808 decem
948 3746 1130 3808 udcentum.
1142 3746 1267 3820 Quintil.
1283 3748 1313 3822 5,

148 3849 197 3921 11,
214 3851 262 3910 31.
281 3850 376 3911 Cuius
389 3854 436 3912 rei
450 3870 506 3931 per
520 3871 551 3914 se
579 3854 654 3912 satis
669 3852 842 3914 illustratae
859 3853 1017 3933 proferam
1040 3855 1145 3913 statim
1171 3853 1316 3932 exempla

146 3957 315 4034 quaedam,
324 3962 359 4018 ut
372 3963 523 4037 appareat
537 3977 598 4037 quo
614 3959 775 4021 simillimo
794 3962 888 4022 modo
912 3961 1144 4022 construxerint
1158 3959 1316 4021 interdum

147 4064 257 4124 Patres
271 4063 379 4126 Gallici
395 4068 569 4127 orationem
587 4084 594 4126 :
609 4067 677 4127 Non
691 4072 793 4146 potest
808 4070 984 4146 comparari
999 4069 1087 4146 quasi
1102 4067 1140 4128 ccl
1156 4068 1250 4128 aliud.
1269 4069 1313 4129 cl.

145 4170 240 4231 llam.
258 4172 295 4232 de
311 4175 405 4244 statu,
428 4174 456 4246 1,
473 4174 521 4233 19.
539 4173 680 4246 -Quod
704 4175 840 4253 estlapis
858 4175 899 4236 cd
918 4176 1093 4236 inanimum
1107 4176 1225 4249 vivens,
1254 4176 1316 4238 hoc

145 4282 192 4337 est
207 4276 382 4338 inanimum
396 4281 505 4340 vivens
523 4279 563 4342 cd
584 4281 757 4342 animatum
770 4283 889 4343 vivens.
919 4283 964 4343 ld.
982 4281 1025 4343 ib.
1046 4284 1075 4355 1,
1093 4284 1142 4343 23.
1165 4316 1204 4328 -
1218 4283 1316 4344 Unius

144 4384 185 4447 ad
198 4403 297 4445 unum
312 4390 342 4446 et
355 4385 490 4448 duorum
504 4387 544 4449 cd
559 4388 633 4464 duo,
651 4393 681 4449 et
695 4389 792 4451 trium
801 4389 912 4451 adtria
925 4408 1052 4454 summa
1066 4389 1240 4470 aequalitas
1255 4396 1312 4451 est.

143 4491 190 4552 ld.
214 4491 259 4552 ib.
275 4492 305 4567 1,
323 4492 353 4565 a,
369 4493 398 4553 2.
