3084 5067
759 316 917 376 ...w—,-

255 474 396 549 114499,
416 494 449 555 p.
469 475 537 548 141,
560 475 612 542 14.
640 474 717 538 Cum
740 476 892 540 adverbio
919 480 1024 539 autem
1047 476 1272 556 praepositioni
1298 459 1417 550 iuncto,

253 581 371 644 scilicet
403 582 586 644 soloecismo
621 582 685 663 qui,
715 584 857 662 quamvis
891 584 1043 663 pauciora
1070 583 1213 662 exempla
1254 581 1306 644 vel
1333 582 1420 661 apud

252 690 477 767 Merovingicos
501 689 668 768 scriptores
692 696 869 764 occurrant,
899 691 957 752 fuit
980 690 1011 752 in
1029 690 1152 770 vulgari
1180 707 1324 752 sermone
1342 689 1420 750 satis

251 795 398 875 frequens
434 801 581 874 vergente
618 796 781 870 latinitate,
811 802 845 858 ut
878 816 895 858 e
924 799 1205 875 grammaticorum
1231 795 1418 858 testimoniis

252 904 407 981 suspicari
420 922 589 982 possumus
604 901 647 984 (1)
660 922 668 964 :
683 902 828 984 11441444
842 923 906 966 444
920 923 990 965 sum
1002 905 1139 968 inbutus.
1156 904 1247 982 Greg.
1268 904 1342 966 Tur.
1353 903 1419 964 HF.
1451 979 1457 990 .

252 1011 278 1078 1,
293 1010 375 1090 prol.
390 1043 429 1059 -·
442 1009 490 1072 le
498 1010 589 1090 pleae
615 1013 777 1076 immunis.
805 1013 850 1076 ld.
866 1013 910 1075 ih.
924 1015 954 1087 4,
972 1013 1021 1074 lt.
1036 1044 1078 1058 -
1089 1010 1237 1091 444144
1249 1010 1418 1090 expoliata.

250 1116 297 1179 ld.
308 1116 351 1178 ib.
370 1119 398 1191 7,
414 1118 465 1182 tt.
479 1148 519 1164 ·-
530 1116 674 1198 444441
694 1119 900 1186 1414114414.
920 1119 964 1183 ih.
981 1120 1010 1193 8,
1027 1120 1126 1182 30.-
1139 1117 1190 1180 Aa
1205 1117 1297 1198 pleae
1310 1115 1420 1178 debili-

252 1227 348 1287 tatus.
358 1224 405 1287 ld.
420 1223 486 1290 (ild.
501 1226 553 1288 84.
567 1257 607 1272 -·
618 1223 665 1286 Ad
677 1225 766 1305 pleae
781 1225 970 1290 debilitatur.
984 1226 1032 1290 ld.
1046 1223 1113 1304 illm
1127 1227 1157 1301 8,
1171 1228 1203 1289 4.
1217 1258 1256 1272 -
1270 1224 1371 1287 14111.
1386 1224 1420 1295 2,

252 1331 304 1392 59.
318 1362 359 1376 -
368 1326 415 1390 At
425 1328 517 1410 pleae
531 1331 727 1395 4444114414.
743 1331 788 1395 ih.
800 1332 830 1405 3,
846 1332 895 1395 59.
904 1364 944 1379 -
955 1333 1023 1394 Non
1034 1331 1145 1392 exinde
1156 1330 1196 1392 od
1205 1330 1297 1410 plene
1304 1330 1423 1409 tegitur

251 1438 449 1516 mysterium.
464 1438 509 1499 ld.
525 1438 587 1500 VP.
603 1438 632 1518 8,
649 1439 698 1502 11.
714 1470 754 1484 -
768 1438 962 1518 Cognoscere
976 1437 1117 1519 adplene
1140 1456 1204 1500 non
1231 1438 1357 1501 meruit.
1372 1436 1422 1499 14.

251 1544 310 1607 GG.
328 1544 975 1626 144-44411114141441444141494.
992 1548 1023 1622 4,
1039 1547 1089 1609 98.
1105 1547 1150 1606 Ex
1171 1544 1222 1606 his
1236 1542 1423 1606 formuland

247 1650 382 1732 plenam,
398 1650 577 1732 adplenum
590 1671 650 1714 usu
674 1653 830 1715 cotidiano
852 1671 948 1732 quam
963 1654 1099 1715 maxime
1113 1652 1219 1728 valuit,
1236 1669 1315 1732 quae
1328 1653 1373 1712 114
1385 1652 1422 1712 14

250 1776 395 1822 sermone
407 1764 516 1822 nostro
531 1765 805 1839 repraesentatur:
822 1760 971 1840 Avespre
982 1766 1144 1822 44411444
1160 1778 1234 1821 4444
1252 1758 1281 1820 14
1295 1759 1423 1839 vergier

247 1882 267 1928 a
282 1865 382 1945 plain.
396 1866 556 1941 44441141,
574 1866 717 1943 Bartsch,
733 1886 764 1946 p.
781 1868 851 1943 934,
868 1868 899 1932 5.
913 1900 953 1916 -
967 1868 1009 1928 De
1023 1868 1098 1946 quoi
1112 1866 1144 1927 la
1167 1870 1242 1945 gent
1259 1882 1293 1925 se
1319 1863 1424 1943 plain·

250 1977 347 2050 guent
359 1973 398 2033 de
408 1977 512 2034 toutes
534 1992 608 2053 pars
636 1993 656 2036 4
679 1974 781 2054 plaia.
796 1975 898 2048 Berte,
929 1972 1374 2036 1155-1111414111441141
1401 1987 1422 2031 a

245 2077 338 2160 plaia
357 2078 603 2142 Gostantinoble.
618 2081 732 2145 Villeh.
748 2082 817 2143 191.
834 2082 897 2143 1144
912 2083 992 2143 4444
1007 2080 1112 2142 differt
1134 2080 1280 2141 usitatior
1295 2094 1423 2156 quoque

249 2185 387 2264 vulgaris
401 2186 516 2249 locutio
526 2186 566 2249 44
575 2187 765 2268 plenitatem,
782 2194 816 2249 ut
826 2207 865 2249 ex
878 2189 928 2251 his
943 2192 1028 2268 patet
1041 2206 1048 2248 :
1063 2190 1099 2249 Je
1124 2193 1154 2247 14
1170 2187 1282 2248 donrai
1296 2203 1316 2246 4
1330 2200 1422 2244 mea-

243 2293 318 2370 ‘gier
331 2311 351 2354 a
366 2293 481 2373 plenta
510 2296 602 2356 Huon
632 2295 670 2355 44
694 2295 730 2357 Β.
758 2296 850 2358 5895.
863 2326 904 2342 -
917 2294 1003 2355 G’om
1031 2296 1097 2355 voit
1124 2294 1163 2355 de
1177 2297 1252 2354 teux
1280 2309 1299 2352 4
1326 2294 1423 2369 grant

246 2399 375 2480 plantet.
394 2401 505 2463 Ruteh.
523 2402 552 2474 1,
568 2402 627 2462 986
644 2400 697 2482 19).

291 2507 477 2570 Brevissima
494 2526 570 2585 ergo
585 2526 665 2587 quae
679 2528 776 2588 supra
789 2508 925 2570 diximus
941 2510 986 2570 ita
1001 2506 1145 2571 contrahi
1160 2510 1308 2587 possent:

289 2616 320 2676 1ο
336 2613 367 2676 81
390 2615 551 2677 adlocuta
566 2616 730 2692 adtendas,
752 2617 943 2695 praepositio
968 2615 1096 2678 exclusa
1119 2613 1269 2675 movendi
1290 2613 1422 2674 notione

250 2740 314 2783 non
328 2721 592 2802 propinquitatem
611 2728 734 2785 tantum
750 2723 806 2784 444
821 2723 924 2784 414441
938 2727 971 2783 41
984 2721 1205 2783 commanendi
1219 2722 1252 2781 in
1266 2721 1336 2800 ipso
1351 2718 1423 2780 loco

250 2831 411 2891 notionem
425 2829 565 2891 declarat
580 2832 682 2907 magis
696 2848 733 2890 ac
750 2830 853 2908 magis
866 2829 950 2908 apud
965 2827 1203 2906 llerovingicos.

288 2937 321 2995 2⁰
335 2936 368 2997 Si
387 2937 428 2998 44
451 2941 586 3015 tempus,
604 2954 643 2997 ex
664 2936 786 2997 infinita
800 2941 831 2998 et
842 2937 963 2997 incerta
983 2934 1136 2997 relatione
1161 2932 1425 2998 accommodatur

250 3046 376 3122 saepius
389 3043 430 3104 44
443 3043 542 3104 lixum
557 3041 707 3123 temporis
721 3046 883 3122 punctum.

289 3150 372 3221 Quae
387 3149 514 3228 quidem
528 3167 677 3212 sensuum
685 3150 883 3223 mutationes,
893 3167 965 3212 cum
977 3150 1055 3212 11441
1069 3147 1164 3218 simul
1177 3149 1209 3212 in
1218 3147 1330 3209 infima
1343 3147 1418 3209 lati·

280 3380 581 3445 (1)]1444414144444
599 3382 766 3446 grammatici
788 3381 873 3432 Latini
890 3394 986 3445 parum
1005 3381 1074 3431 inter
1092 3392 1121 3431 se
1137 3378 1305 3431 convenirent.
1323 3380 1424 3443 Nempe

249 3471 312 3522 dicit
325 3470 478 3521 Diomedes:
494 3488 507 3514 «
518 3470 653 3521 4141414114
664 3471 725 3522 addi
740 3471 948 3536 praepositiones
961 3470 1067 3536 plurimi
1078 3475 1184 3535 negant.
1200 3469 1252 3520 Sed
1265 3474 1356 3519 tamen
1369 3468 1424 3519 lec·

249 3563 306 3608 tum
317 3557 464 3608 invenimus
478 3557 504 3607 in
514 3556 609 3621 primo,
625 3559 694 3621 qaod
706 3564 746 3609 est
758 3542 786 3602 ἓν
801 3544 928 3625 πρώτοις,
941 3563 967 3608 41
979 3570 1047 3620 quae
1059 3557 1180 3607 dixerunt
1191 3562 1300 3617 veteres,
1311 3569 1328 3605 a
1342 3566 1423 3605 mane

249 3651 275 3697 st
290 3627 351 3696 «ab
364 3646 426 3695 hinc
440 3658 524 3696 anuos
536 3646 625 3696 decem
637 3652 716 3696 uatus
730 3653 768 3697 441
782 3666 805 3708 »‚
817 3648 886 3710 qaod
901 3652 940 3697 est
955 3663 968 3692 u
980 3653 1042 3698 4414
1054 3647 1143 3697 444414
1155 3657 1240 3696 44444
1253 3651 1333 3695 natus
1348 3649 1388 3695 est
1398 3664 1421 3692 4.

248 3734 313 3786 Item
325 3735 443 3797 posthae,
456 3735 576 3797 antehac,
589 3736 688 3796 exinde,
705 3736 809 3797 abhinc,
823 3736 856 3786 ad
872 3747 963 3799 usque,
979 3735 1012 3785 ab
1026 3747 1117 3799 usque,
1130 3741 1156 3787 41
1167 3733 1267 3799 poetice
1280 3733 1422 3795 desubito,

250 3825 407 3887 derepente,
423 3824 454 3873 de
466 3823 616 3887 improviso.
630 3843 642 3870 »
653 3825 748 3890 (Diem.
762 3825 821 3875 Art.
835 3824 963 3882 Gramm„
976 3823 1019 3873 lib.
1033 3824 1053 3885 1,
1066 3824 1096 3875 K.
1109 3829 1128 3874 t.
1140 3824 1160 3885 1,
1173 3838 1199 3888 p.
1217 3824 1271 3879 195,
1287 3823 1336 3887 35.)
1350 3821 1424 3873 11444

248 3918 336 3964 autem
347 3913 503 3976 Pompeias:
519 3932 532 3957 «
548 3913 667 3979 Legimus
682 3914 902 3977 praepositionem
917 3913 1041 3964 adverbio
1055 3926 1109 3964 non
1119 3913 1198 3979 iungi
1214 3911 1347 3975 Numquid
1360 3923 1424 3975 pos-

250 4015 309 4054 sum
324 4002 410 4053 dicere
422 4020 435 4047 «
447 4002 479 4052 de
490 4014 569 4053 mane
583 4020 595 4047 e
611 4007 637 4053 et
652 4003 763 4053 similia?
776 4023 788 4047 »
805 4003 906 4065 (Pomp.
924 4002 1078 4061 Commeat,
1090 4003 1121 4053 It.
1135 4007 1156 4054 t.
1170 4002 1201 4063 V,
1213 4015 1238 4065 p.
1251 4002 1306 4062 214,
1322 4000 1357 4065 i).

279 4090 314 4156 (9)
337 4091 456 4142 Ceteram
479 4092 509 4141 de
530 4090 618 4142 multis
639 4091 813 4142 locutionibus
832 4091 1019 4152 abverbialiter
1045 4092 1105 4155 plus
1129 4092 1216 4141 minus
1234 4090 1334 4155 positis,
1352 4103 1424 4155 quae

249 4179 401 4232 referuntur
419 4181 453 4232 ad
477 4185 589 4243 tempus,
606 4180 702 4242 locam,
719 4181 837 4242 modum,
852 4185 878 4230 et
899 4193 966 4244 quae
990 4181 1015 4230 in
1035 4181 1116 4232 veteri
1136 4187 1228 4231 nostra
1247 4180 1338 4245 lingua
1360 4192 1425 4231 con-

249 4268 394 4319 cinnantur
409 4273 584 4320 concurrente
602 4270 619 4317 d
634 4281 664 4319 ex
676 4268 808 4318 adiectivis
827 4268 868 4319 vel
888 4269 1066 4331 substantivis,
1079 4270 1216 4319 'interdum
1239 4280 1270 4319 ex
1290 4266 1425 4319 adverbiis

249 4357 290 4408 vel
310 4358 462 4423 participiis,
475 4357 509 4408 41.
522 4357 660 4421 (14441141,
676 4357 744 4407 Diet.
756 4355 789 4407 de
809 4355 886 4407 t'ane.
907 4357 1198 4423 144914114444144,1.
1220 4357 1239 4419 l,
1258 4370 1285 4421 p.
1301 4357 1325 4418 1,
1340 4357 1389 4408 441.
1407 4358 1423 4407 9

251 4458 311 4511 sqq.
324 4445 442 4509 Quarum
455 4459 504 4512 eqo
514 4447 616 4498 nullum
629 4446 656 4498 iu
667 4445 849 4511 merovingicae
869 4445 999 4498 latinitate
1007 4446 1195 4522 lineamentum
1204 4446 1324 4512 44144414
1337 4446 1421 4511 potui
