<?xml version="1.0" encoding="UTF-8"?>
<!DOCTYPE html PUBLIC "-//W3C//DTD XHTML 1.0 Transitional//EN"
    "http://www.w3.org/TR/xhtml1/DTD/xhtml1-transitional.dtd">
<html xmlns="http://www.w3.org/1999/xhtml" xml:lang="en" lang="en">
 <head>
  <title>
</title>
<meta http-equiv="Content-Type" content="text/html;charset=utf-8" />
  <meta name='ocr-system' content='tesseract 3.04.00' />
  <meta name='ocr-capabilities' content='ocr_page ocr_carea ocr_par ocr_line ocrx_word'/>
</head>
<body>
  <div class='ocr_page' id='page_1' title='image "./depropositionea00bourgoog_0030.png"; bbox 0 0 3084 5067; ppageno 0'>
   <div class='ocr_carea' id='block_1_1' title="bbox 729 339 887 406">
    <p class='ocr_par' dir='ltr' id='par_1_1' title="bbox 729 339 887 406">
     <span class='ocr_line' id='line_1_1' title="bbox 729 339 887 406; baseline 0.006 -16"><span class='ocrx_word' id='word_1_1' title='bbox 729 339 887 406; x_wconf 66' lang='grc'><strong>..11-</strong></span> 
     </span>
    </p>
   </div>
   <div class='ocr_carea' id='block_1_2' title="bbox 223 499 1393 1014">
    <p class='ocr_par' dir='ltr' id='par_1_2' title="bbox 223 499 1393 1014">
     <span class='ocr_line' id='line_1_2' title="bbox 265 499 1392 587; baseline 0.004 -23"><span class='ocrx_word' id='word_1_2' title='bbox 265 499 396 567; x_wconf 90' lang='lat' dir='ltr'><strong>Notetur</strong></span> <span class='ocrx_word' id='word_1_3' title='bbox 419 507 590 585; x_wconf 88' lang='lat' dir='ltr'><strong>separatim</strong></span> <span class='ocrx_word' id='word_1_4' title='bbox 613 523 738 584; x_wconf 91' lang='lat' dir='ltr'><strong>quoque</strong></span> <span class='ocrx_word' id='word_1_5' title='bbox 761 506 894 567; x_wconf 88' lang='lat' dir='ltr'><strong>verbum</strong></span> <span class='ocrx_word' id='word_1_6' title='bbox 919 505 1171 587; x_wconf 80' lang='lat' dir='ltr'><strong>adpropinquare,</strong></span> <span class='ocrx_word' id='word_1_7' title='bbox 1189 506 1275 585; x_wconf 94' lang='lat' dir='ltr'><strong>quod</strong></span> <span class='ocrx_word' id='word_1_8' title='bbox 1288 509 1392 568; x_wconf 89' lang='lat' dir='ltr'><strong>rarius</strong></span> 
     </span>
     <span class='ocr_line' id='line_1_3' title="bbox 226 612 1391 692; baseline 0.002 -19"><span class='ocrx_word' id='word_1_9' title='bbox 226 612 310 691; x_wconf 92' lang='lat' dir='ltr'><strong>apud</strong></span> <span class='ocrx_word' id='word_1_10' title='bbox 324 613 451 675; x_wconf 87' lang='lat' dir='ltr'><strong>Latinos</strong></span> <span class='ocrx_word' id='word_1_11' title='bbox 465 612 614 674; x_wconf 89' lang='lat' dir='ltr'><strong>adiuncta</strong></span> <span class='ocrx_word' id='word_1_12' title='bbox 628 612 785 692; x_wconf 87' lang='lat' dir='ltr'><strong>particula</strong></span> <span class='ocrx_word' id='word_1_13' title='bbox 800 612 919 674; x_wconf 76' lang='lat' dir='ltr'>casuali</span> <span class='ocrx_word' id='word_1_14' title='bbox 934 615 1125 675; x_wconf 80' lang='lat' dir='ltr'><strong>construitur</strong></span> <span class='ocrx_word' id='word_1_15' title='bbox 1135 618 1169 675; x_wconf 93' lang='lat' dir='ltr'><strong>ut</strong></span> <span class='ocrx_word' id='word_1_16' title='bbox 1183 615 1217 674; x_wconf 93' lang='lat' dir='ltr'><strong>in</strong></span> <span class='ocrx_word' id='word_1_17' title='bbox 1230 614 1291 676; x_wconf 90' lang='lat' dir='ltr'><strong>hoc</strong></span> <span class='ocrx_word' id='word_1_18' title='bbox 1306 613 1391 677; x_wconf 78' lang='lat' dir='ltr'><strong>(lice-</strong></span> 
     </span>
     <span class='ocr_line' id='line_1_4' title="bbox 226 720 1389 800; baseline 0.003 -21"><span class='ocrx_word' id='word_1_19' title='bbox 226 721 360 782; x_wconf 89' lang='lat' dir='ltr'><strong>roniano</strong></span> <span class='ocrx_word' id='word_1_20' title='bbox 377 737 384 781; x_wconf 93' lang='lat'>:</span> <span class='ocrx_word' id='word_1_21' title='bbox 400 721 459 793; x_wconf 88' lang='lat' dir='ltr'><strong>Qui</strong></span> <span class='ocrx_word' id='word_1_22' title='bbox 472 720 512 781; x_wconf 85' lang='lat' dir='ltr'><strong>od</strong></span> <span class='ocrx_word' id='word_1_23' title='bbox 527 738 684 781; x_wconf 87' lang='lat' dir='ltr'><strong>summam</strong></span> <span class='ocrx_word' id='word_1_24' title='bbox 698 721 763 781; x_wconf 89' lang='lat' dir='ltr'><strong>iam</strong></span> <span class='ocrx_word' id='word_1_25' title='bbox 784 739 900 799; x_wconf 91' lang='lat' dir='ltr'><strong>aquam</strong></span> <span class='ocrx_word' id='word_1_26' title='bbox 915 720 1180 800; x_wconf 77' lang='lat' dir='ltr'><strong>adpropinquant.</strong></span> <span class='ocrx_word' id='word_1_27' title='bbox 1202 720 1264 782; x_wconf 88' lang='lat' dir='ltr'><strong>Gic.</strong></span> <span class='ocrx_word' id='word_1_28' title='bbox 1282 724 1320 783; x_wconf 91' lang='lat' dir='ltr'><strong>de</strong></span> <span class='ocrx_word' id='word_1_29' title='bbox 1335 722 1389 782; x_wconf 88' lang='lat' dir='ltr'><strong>lin.</strong></span> 
     </span>
     <span class='ocr_line' id='line_1_5' title="bbox 224 825 1392 906; baseline 0.004 -21"><span class='ocrx_word' id='word_1_30' title='bbox 224 828 254 898; x_wconf 91' lang='grc'><strong>1,</strong></span> <span class='ocrx_word' id='word_1_31' title='bbox 272 825 320 887; x_wconf 87' lang='grc'><strong>23.</strong></span> <span class='ocrx_word' id='word_1_32' title='bbox 337 830 402 889; x_wconf 89' lang='lat' dir='ltr'><strong>Mos</strong></span> <span class='ocrx_word' id='word_1_33' title='bbox 417 833 523 889; x_wconf 89' lang='lat' dir='ltr'><strong>autem</strong></span> <span class='ocrx_word' id='word_1_34' title='bbox 537 832 647 906; x_wconf 90' lang='lat' dir='ltr'><strong>postea</strong></span> <span class='ocrx_word' id='word_1_35' title='bbox 668 826 730 887; x_wconf 88' lang='lat' dir='ltr'><strong>late</strong></span> <span class='ocrx_word' id='word_1_36' title='bbox 745 827 846 906; x_wconf 83' lang='lat' dir='ltr'><strong>viguit</strong></span> <span class='ocrx_word' id='word_1_37' title='bbox 862 846 869 888; x_wconf 80' lang='grc' dir='ltr'><strong><em>ε</em></strong></span> <span class='ocrx_word' id='word_1_38' title='bbox 887 827 1030 889; x_wconf 90' lang='lat' dir='ltr'><strong>Hostium</strong></span> <span class='ocrx_word' id='word_1_39' title='bbox 1055 846 1189 889; x_wconf 89' lang='lat' dir='ltr'><strong>cuneum</strong></span> <span class='ocrx_word' id='word_1_40' title='bbox 1212 828 1252 890; x_wconf 87' lang='grc'><strong>11</strong></span> <span class='ocrx_word' id='word_1_41' title='bbox 1267 846 1392 890; x_wconf 86' lang='lat' dir='ltr'><strong>monas·</strong></span> 
     </span>
     <span class='ocr_line' id='line_1_6' title="bbox 223 933 1393 1014; baseline 0.003 -22"><span class='ocrx_word' id='word_1_42' title='bbox 223 935 341 1011; x_wconf 87' lang='lat' dir='ltr'><strong>tyrium</strong></span> <span class='ocrx_word' id='word_1_43' title='bbox 355 939 518 996; x_wconf 80' lang='lat' dir='ltr'><strong>cernerent</strong></span> <span class='ocrx_word' id='word_1_44' title='bbox 531 935 756 1014; x_wconf 89' lang='lat' dir='ltr'><strong>propinquare.</strong></span> <span class='ocrx_word' id='word_1_45' title='bbox 784 934 875 1013; x_wconf 83' lang='lat' dir='ltr'><strong>Greg.</strong></span> <span class='ocrx_word' id='word_1_46' title='bbox 896 936 969 995; x_wconf 86' lang='lat' dir='ltr'><strong>Tur.</strong></span> <span class='ocrx_word' id='word_1_47' title='bbox 987 935 1047 995; x_wconf 82' lang='lat' dir='ltr'><strong>HF.</strong></span> <span class='ocrx_word' id='word_1_48' title='bbox 1065 936 1094 1009; x_wconf 90' lang='grc'><strong>2,</strong></span> <span class='ocrx_word' id='word_1_49' title='bbox 1111 936 1159 996; x_wconf 92' lang='grc'><strong>37.</strong></span> <span class='ocrx_word' id='word_1_50' title='bbox 1176 969 1215 979; x_wconf 91' lang='grc'><strong>-</strong></span> <span class='ocrx_word' id='word_1_51' title='bbox 1227 933 1274 997; x_wconf 83' lang='lat' dir='ltr'><strong>Ad</strong></span> <span class='ocrx_word' id='word_1_52' title='bbox 1288 935 1393 1014; x_wconf 85' lang='lat' dir='ltr'><strong>regias</strong></span> 
     </span>
    </p>
   </div>
   <div class='ocr_carea' id='block_1_3' title="bbox 223 1040 1393 1221">
    <p class='ocr_par' dir='ltr' id='par_1_3' title="bbox 223 1040 1393 1221">
     <span class='ocr_line' id='line_1_7' title="bbox 225 1040 1393 1121; baseline 0.002 -21"><span class='ocrx_word' id='word_1_53' title='bbox 225 1040 312 1101; x_wconf 90' lang='lat' dir='ltr'><strong>aedis</strong></span> <span class='ocrx_word' id='word_1_54' title='bbox 327 1059 471 1103; x_wconf 87' lang='lat' dir='ltr'><strong>sacrae...</strong></span> <span class='ocrx_word' id='word_1_55' title='bbox 491 1043 755 1121; x_wconf 87' lang='lat' dir='ltr'><strong>adpropinquant.</strong></span> <span class='ocrx_word' id='word_1_56' title='bbox 778 1044 822 1104; x_wconf 93' lang='lat' dir='ltr'><strong>ld.</strong></span> <span class='ocrx_word' id='word_1_57' title='bbox 839 1043 884 1104; x_wconf 91' lang='lat' dir='ltr'><strong>ib.</strong></span> <span class='ocrx_word' id='word_1_58' title='bbox 897 1045 926 1115; x_wconf 80' lang='grc'><strong>1,</strong></span> <span class='ocrx_word' id='word_1_59' title='bbox 944 1043 1198 1104; x_wconf 80' lang='grc'><strong>13.-1111111111</strong></span> <span class='ocrx_word' id='word_1_60' title='bbox 1221 1060 1253 1103; x_wconf 91' lang='lat' dir='ltr'><strong>se</strong></span> <span class='ocrx_word' id='word_1_61' title='bbox 1275 1040 1393 1103; x_wconf 79' lang='lat' dir='ltr'><strong>iamed</strong></span> 
     </span>
     <span class='ocr_line' id='line_1_8' title="bbox 223 1139 1392 1221; baseline 0.003 -24"><span class='ocrx_word' id='word_1_62' title='bbox 223 1140 393 1200; x_wconf 90' lang='lat' dir='ltr'><strong>terminum</strong></span> <span class='ocrx_word' id='word_1_63' title='bbox 417 1140 590 1202; x_wconf 85' lang='lat' dir='ltr'><strong>Gothorum</strong></span> <span class='ocrx_word' id='word_1_64' title='bbox 615 1158 681 1202; x_wconf 89' lang='lat' dir='ltr'><strong>esse</strong></span> <span class='ocrx_word' id='word_1_65' title='bbox 704 1139 925 1219; x_wconf 84' lang='lat' dir='ltr'><strong>propinquam.</strong></span> <span class='ocrx_word' id='word_1_66' title='bbox 942 1141 986 1202; x_wconf 92' lang='lat' dir='ltr'><strong>ld.</strong></span> <span class='ocrx_word' id='word_1_67' title='bbox 1004 1141 1045 1201; x_wconf 89' lang='lat' dir='ltr'><strong>ih.</strong></span> <span class='ocrx_word' id='word_1_68' title='bbox 1064 1142 1093 1212; x_wconf 92' lang='grc'><strong>7,</strong></span> <span class='ocrx_word' id='word_1_69' title='bbox 1116 1142 1145 1201; x_wconf 94' lang='grc'><strong>9.</strong></span> <span class='ocrx_word' id='word_1_70' title='bbox 1164 1174 1203 1184; x_wconf 95' lang='grc'><strong>-</strong></span> <span class='ocrx_word' id='word_1_71' title='bbox 1217 1139 1392 1221; x_wconf 89' lang='lat' dir='ltr'><strong>Adpropin·</strong></span> 
     </span>
    </p>
   </div>
   <div class='ocr_carea' id='block_1_4' title="bbox 220 1244 1394 1840">
    <p class='ocr_par' dir='ltr' id='par_1_4' title="bbox 220 1244 1394 1840">
     <span class='ocr_line' id='line_1_9' title="bbox 222 1244 1393 1325; baseline 0.001 -19"><span class='ocrx_word' id='word_1_72' title='bbox 222 1245 341 1325; x_wconf 88' lang='lat' dir='ltr'><strong>quabat</strong></span> <span class='ocrx_word' id='word_1_73' title='bbox 354 1247 479 1307; x_wconf 88' lang='lat' dir='ltr'><strong>navis...</strong></span> <span class='ocrx_word' id='word_1_74' title='bbox 506 1244 546 1307; x_wconf 83' lang='lat' dir='ltr'><strong>ad</strong></span> <span class='ocrx_word' id='word_1_75' title='bbox 572 1247 749 1325; x_wconf 89' lang='lat' dir='ltr'><strong>scopulum.</strong></span> <span class='ocrx_word' id='word_1_76' title='bbox 786 1246 914 1307; x_wconf 77' lang='grc'><strong>111111.</strong></span> <span class='ocrx_word' id='word_1_77' title='bbox 944 1247 993 1308; x_wconf 85' lang='grc'><strong>82.</strong></span> <span class='ocrx_word' id='word_1_78' title='bbox 1027 1246 1103 1307; x_wconf 88' lang='lat' dir='ltr'><strong>Inde</strong></span> <span class='ocrx_word' id='word_1_79' title='bbox 1125 1264 1202 1307; x_wconf 89' lang='lat' dir='ltr'><strong>usus</strong></span> <span class='ocrx_word' id='word_1_80' title='bbox 1223 1247 1393 1308; x_wconf 88' lang='lat' dir='ltr'><strong>verborum</strong></span> 
     </span>
     <span class='ocr_line' id='line_1_10' title="bbox 222 1351 1393 1434; baseline -0.002 -20"><span class='ocrx_word' id='word_1_81' title='bbox 222 1352 399 1431; x_wconf 82' lang='lat' dir='ltr'><strong>oproismcr,</strong></span> <span class='ocrx_word' id='word_1_82' title='bbox 415 1351 598 1434; x_wconf 81' lang='lat' dir='ltr'><strong>opproclu&#39;cr</strong></span> <span class='ocrx_word' id='word_1_83' title='bbox 615 1351 683 1433; x_wconf 87' lang='lat' dir='ltr'><strong>(lat.</strong></span> <span class='ocrx_word' id='word_1_84' title='bbox 692 1354 778 1432; x_wconf 77' lang='lat' dir='ltr'><strong>vulg.</strong></span> <span class='ocrx_word' id='word_1_85' title='bbox 796 1354 1021 1433; x_wconf 76' lang='lat' dir='ltr'><strong>approximare,</strong></span> <span class='ocrx_word' id='word_1_86' title='bbox 1033 1354 1163 1416; x_wconf 86' lang='lat' dir='ltr'><strong>Tertull.</strong></span> <span class='ocrx_word' id='word_1_87' title='bbox 1173 1353 1245 1414; x_wconf 90' lang='lat' dir='ltr'><strong>adv.</strong></span> <span class='ocrx_word' id='word_1_88' title='bbox 1259 1354 1327 1414; x_wconf 92' lang='lat' dir='ltr'><strong>lud.</strong></span> <span class='ocrx_word' id='word_1_89' title='bbox 1342 1351 1393 1433; x_wconf 91' lang='grc'><strong>11)</strong></span> 
     </span>
     <span class='ocr_line' id='line_1_11' title="bbox 220 1459 1394 1539; baseline 0.002 -22"><span class='ocrx_word' id='word_1_90' title='bbox 220 1459 359 1521; x_wconf 83' lang='lat' dir='ltr'><strong>inveteri</strong></span> <span class='ocrx_word' id='word_1_91' title='bbox 369 1459 483 1537; x_wconf 82' lang='lat' dir='ltr'><strong>gallico</strong></span> <span class='ocrx_word' id='word_1_92' title='bbox 493 1477 637 1522; x_wconf 89' lang='lat' dir='ltr'><strong>sermone</strong></span> <span class='ocrx_word' id='word_1_93' title='bbox 655 1479 662 1520; x_wconf 90' lang='lat'>:</span> <span class='ocrx_word' id='word_1_94' title='bbox 679 1461 863 1539; x_wconf 90' lang='lat' dir='ltr'><strong>Aproismer</strong></span> <span class='ocrx_word' id='word_1_95' title='bbox 879 1461 931 1522; x_wconf 89' lang='lat' dir='ltr'><strong>vol</strong></span> <span class='ocrx_word' id='word_1_96' title='bbox 946 1478 966 1522; x_wconf 86' lang='grc'><strong>1</strong></span> <span class='ocrx_word' id='word_1_97' title='bbox 979 1460 1011 1520; x_wconf 83' lang='grc'><strong>11</strong></span> <span class='ocrx_word' id='word_1_98' title='bbox 1026 1461 1133 1522; x_wconf 88' lang='lat' dir='ltr'><strong>ciutat.</strong></span> <span class='ocrx_word' id='word_1_99' title='bbox 1148 1460 1291 1536; x_wconf 78' lang='lat' dir='ltr'><strong>Pession,</strong></span> <span class='ocrx_word' id='word_1_100' title='bbox 1308 1462 1337 1519; x_wconf 80' lang='grc'><strong>1.</strong></span> <span class='ocrx_word' id='word_1_101' title='bbox 1355 1493 1394 1504; x_wconf 88' lang='grc'>-</span> 
     </span>
     <span class='ocr_line' id='line_1_12' title="bbox 222 1562 1393 1645; baseline 0 -20"><span class='ocrx_word' id='word_1_102' title='bbox 222 1562 264 1625; x_wconf 82' lang='lat' dir='ltr'><strong>As</strong></span> <span class='ocrx_word' id='word_1_103' title='bbox 277 1565 401 1643; x_wconf 80' lang='lat' dir='ltr'><strong>Engleis</strong></span> <span class='ocrx_word' id='word_1_104' title='bbox 422 1564 570 1627; x_wconf 90' lang='lat' dir='ltr'><strong>vindrent</strong></span> <span class='ocrx_word' id='word_1_105' title='bbox 593 1565 805 1645; x_wconf 86' lang='lat' dir='ltr'><strong>aproismant.</strong></span> <span class='ocrx_word' id='word_1_106' title='bbox 834 1568 912 1642; x_wconf 88' lang='lat' dir='ltr'><strong>Rou,</strong></span> <span class='ocrx_word' id='word_1_107' title='bbox 930 1567 1020 1628; x_wconf 84' lang='grc'><strong>8012.</strong></span> <span class='ocrx_word' id='word_1_108' title='bbox 1037 1600 1076 1611; x_wconf 93' lang='grc'><strong>-</strong></span> <span class='ocrx_word' id='word_1_109' title='bbox 1089 1564 1136 1628; x_wconf 81' lang='lat' dir='ltr'><strong>Aa</strong></span> <span class='ocrx_word' id='word_1_110' title='bbox 1149 1566 1185 1626; x_wconf 92' lang='lat' dir='ltr'><strong>lit</strong></span> <span class='ocrx_word' id='word_1_111' title='bbox 1199 1566 1228 1627; x_wconf 89' lang='lat' dir='ltr'><strong>la</strong></span> <span class='ocrx_word' id='word_1_112' title='bbox 1252 1570 1343 1627; x_wconf 89' lang='lat' dir='ltr'><strong>conte</strong></span> <span class='ocrx_word' id='word_1_113' title='bbox 1357 1564 1393 1625; x_wconf 89' lang='lat' dir='ltr'><strong>s’i</strong></span> 
     </span>
     <span class='ocr_line' id='line_1_13' title="bbox 223 1671 1391 1753; baseline 0.002 -22"><span class='ocrx_word' id='word_1_114' title='bbox 223 1675 269 1731; x_wconf 91' lang='lat' dir='ltr'><strong>est</strong></span> <span class='ocrx_word' id='word_1_115' title='bbox 291 1675 355 1732; x_wconf 89' lang='lat' dir='ltr'><strong>tost</strong></span> <span class='ocrx_word' id='word_1_116' title='bbox 380 1671 561 1751; x_wconf 89' lang='lat' dir='ltr'><strong>approchie.</strong></span> <span class='ocrx_word' id='word_1_117' title='bbox 592 1673 689 1748; x_wconf 89' lang='lat' dir='ltr'><strong>Amis,</strong></span> <span class='ocrx_word' id='word_1_118' title='bbox 720 1673 790 1735; x_wconf 84' lang='grc'><strong>669.</strong></span> <span class='ocrx_word' id='word_1_119' title='bbox 817 1706 856 1718; x_wconf 94' lang='grc'>-</span> <span class='ocrx_word' id='word_1_120' title='bbox 877 1672 1104 1753; x_wconf 88' lang='lat' dir='ltr'><strong>Aprochierent</strong></span> <span class='ocrx_word' id='word_1_121' title='bbox 1131 1678 1199 1735; x_wconf 90' lang='lat' dir='ltr'><strong>tant</strong></span> <span class='ocrx_word' id='word_1_122' title='bbox 1226 1690 1245 1736; x_wconf 88' lang='grc'><strong>1</strong></span> <span class='ocrx_word' id='word_1_123' title='bbox 1272 1673 1303 1733; x_wconf 84' lang='grc'><strong>11</strong></span> <span class='ocrx_word' id='word_1_124' title='bbox 1329 1677 1391 1734; x_wconf 93' lang='lat' dir='ltr'><strong>tor.</strong></span> 
     </span>
     <span class='ocr_line' id='line_1_14' title="bbox 223 1777 421 1840; baseline 0 -2"><span class='ocrx_word' id='word_1_125' title='bbox 223 1777 335 1840; x_wconf 83' lang='lat' dir='ltr'><strong>Villeh.</strong></span> <span class='ocrx_word' id='word_1_126' title='bbox 351 1778 421 1838; x_wconf 92' lang='grc'><strong>212.</strong></span> 
     </span>
    </p>
   </div>
   <div class='ocr_carea' id='block_1_5' title="bbox 206 1884 1395 2511">
    <p class='ocr_par' dir='ltr' id='par_1_5' title="bbox 206 1884 1395 2511">
     <span class='ocr_line' id='line_1_15' title="bbox 257 1884 1392 1967; baseline -0.001 -20"><span class='ocrx_word' id='word_1_127' title='bbox 257 1885 433 1947; x_wconf 86' lang='lat' dir='ltr'><strong>Occurrunt</strong></span> <span class='ocrx_word' id='word_1_128' title='bbox 446 1885 581 1964; x_wconf 91' lang='lat' dir='ltr'><strong>denique</strong></span> <span class='ocrx_word' id='word_1_129' title='bbox 608 1886 705 1947; x_wconf 87' lang='lat' dir='ltr'><strong>verba</strong></span> <span class='ocrx_word' id='word_1_130' title='bbox 732 1888 902 1967; x_wconf 74' lang='lat' dir='ltr'><strong>adtioqaro,</strong></span> <span class='ocrx_word' id='word_1_131' title='bbox 936 1894 1050 1967; x_wconf 82' lang='lat' dir='ltr'><strong>petere,</strong></span> <span class='ocrx_word' id='word_1_132' title='bbox 1086 1905 1180 1965; x_wconf 87' lang='lat' dir='ltr'><strong>quae,</strong></span> <span class='ocrx_word' id='word_1_133' title='bbox 1207 1889 1268 1948; x_wconf 90' lang='lat' dir='ltr'><strong>atsi</strong></span> <span class='ocrx_word' id='word_1_134' title='bbox 1293 1884 1392 1965; x_wconf 89' lang='lat' dir='ltr'><strong>priori</strong></span> 
     </span>
     <span class='ocr_line' id='line_1_16' title="bbox 222 1991 1393 2079; baseline 0.003 -29"><span class='ocrx_word' id='word_1_135' title='bbox 222 1991 377 2070; x_wconf 87' lang='lat' dir='ltr'><strong>particula</strong></span> <span class='ocrx_word' id='word_1_136' title='bbox 412 1991 584 2070; x_wconf 73' lang='lat' dir='ltr'><strong>loquelaris</strong></span> <span class='ocrx_word' id='word_1_137' title='bbox 611 1991 695 2079; x_wconf 88' lang='lat' dir='ltr'><strong>insit,</strong></span> <span class='ocrx_word' id='word_1_138' title='bbox 725 1994 809 2073; x_wconf 90' lang='lat' dir='ltr'><strong>apud</strong></span> <span class='ocrx_word' id='word_1_139' title='bbox 837 1995 996 2055; x_wconf 82' lang='lat' dir='ltr'><strong>Romanos</strong></span> <span class='ocrx_word' id='word_1_140' title='bbox 1021 2011 1146 2073; x_wconf 89' lang='lat' dir='ltr'><strong>semper</strong></span> <span class='ocrx_word' id='word_1_141' title='bbox 1178 1994 1393 2055; x_wconf 73' lang='lat' dir='ltr'><strong>accusativum</strong></span> 
     </span>
     <span class='ocr_line' id='line_1_17' title="bbox 206 2098 1391 2178; baseline 0.001 -20"><span class='ocrx_word' id='word_1_142' title='bbox 206 2099 329 2159; x_wconf 86' lang='lat' dir='ltr'><strong>&#39;casum</strong></span> <span class='ocrx_word' id='word_1_143' title='bbox 356 2104 480 2176; x_wconf 79' lang='lat' dir='ltr'><strong>regunt,</strong></span> <span class='ocrx_word' id='word_1_144' title='bbox 496 2104 532 2160; x_wconf 88' lang='lat' dir='ltr'><strong>ut</strong></span> <span class='ocrx_word' id='word_1_145' title='bbox 554 2098 587 2161; x_wconf 91' lang='lat' dir='ltr'><strong>in</strong></span> <span class='ocrx_word' id='word_1_146' title='bbox 611 2099 660 2160; x_wconf 93' lang='lat' dir='ltr'><strong>his</strong></span> <span class='ocrx_word' id='word_1_147' title='bbox 677 2117 684 2161; x_wconf 90' lang='lat'>:</span> <span class='ocrx_word' id='word_1_148' title='bbox 701 2101 818 2161; x_wconf 87' lang='lat' dir='ltr'><strong>Eorum</strong></span> <span class='ocrx_word' id='word_1_149' title='bbox 832 2100 911 2161; x_wconf 88' lang='lat' dir='ltr'><strong>fines</strong></span> <span class='ocrx_word' id='word_1_150' title='bbox 933 2100 1038 2161; x_wconf 80' lang='lat' dir='ltr'><strong>Nervii</strong></span> <span class='ocrx_word' id='word_1_151' title='bbox 1062 2099 1279 2178; x_wconf 80' lang='lat' dir='ltr'><strong>adtingebant.</strong></span> <span class='ocrx_word' id='word_1_152' title='bbox 1302 2098 1391 2160; x_wconf 86' lang='lat' dir='ltr'><strong>Gaas.</strong></span> 
     </span>
     <span class='ocr_line' id='line_1_18' title="bbox 224 2205 1394 2286; baseline 0.002 -21"><span class='ocrx_word' id='word_1_153' title='bbox 224 2205 283 2265; x_wconf 84' lang='lat' dir='ltr'><strong>BG.</strong></span> <span class='ocrx_word' id='word_1_154' title='bbox 298 2206 328 2279; x_wconf 90' lang='grc'><strong>2,</strong></span> <span class='ocrx_word' id='word_1_155' title='bbox 351 2206 400 2266; x_wconf 92' lang='grc'><strong>15.</strong></span> <span class='ocrx_word' id='word_1_156' title='bbox 417 2206 554 2268; x_wconf 90' lang='lat' dir='ltr'><strong>—Adeo</strong></span> <span class='ocrx_word' id='word_1_157' title='bbox 569 2211 816 2286; x_wconf 86' lang='lat' dir='ltr'><strong>perterruerunt,</strong></span> <span class='ocrx_word' id='word_1_158' title='bbox 833 2212 868 2268; x_wconf 92' lang='lat' dir='ltr'><strong>ut</strong></span> <span class='ocrx_word' id='word_1_159' title='bbox 882 2208 996 2268; x_wconf 87' lang='lat' dir='ltr'><strong>Persae</strong></span> <span class='ocrx_word' id='word_1_160' title='bbox 1012 2226 1076 2268; x_wconf 92' lang='lat' dir='ltr'><strong>non</strong></span> <span class='ocrx_word' id='word_1_161' title='bbox 1096 2212 1210 2283; x_wconf 89' lang='lat' dir='ltr'><strong>castra,</strong></span> <span class='ocrx_word' id='word_1_162' title='bbox 1228 2207 1283 2267; x_wconf 90' lang='lat' dir='ltr'><strong>sed</strong></span> <span class='ocrx_word' id='word_1_163' title='bbox 1297 2223 1394 2267; x_wconf 82' lang='lat' dir='ltr'><strong>naves</strong></span> 
     </span>
     <span class='ocr_line' id='line_1_19' title="bbox 224 2314 1395 2398; baseline 0.003 -26"><span class='ocrx_word' id='word_1_164' title='bbox 224 2317 377 2391; x_wconf 88' lang='lat' dir='ltr'><strong>peterent.</strong></span> <span class='ocrx_word' id='word_1_165' title='bbox 394 2314 470 2392; x_wconf 88' lang='lat' dir='ltr'><strong>Nep.</strong></span> <span class='ocrx_word' id='word_1_166' title='bbox 486 2314 560 2375; x_wconf 88' lang='lat' dir='ltr'><strong>Milt.</strong></span> <span class='ocrx_word' id='word_1_167' title='bbox 578 2314 736 2398; x_wconf 75' lang='grc'><strong>51111111</strong></span> <span class='ocrx_word' id='word_1_168' title='bbox 758 2333 834 2376; x_wconf 91' lang='lat' dir='ltr'><strong>vero</strong></span> <span class='ocrx_word' id='word_1_169' title='bbox 858 2315 1052 2393; x_wconf 88' lang='lat' dir='ltr'><strong>frequentius</strong></span> <span class='ocrx_word' id='word_1_170' title='bbox 1068 2316 1100 2374; x_wconf 95' lang='lat' dir='ltr'><strong>in</strong></span> <span class='ocrx_word' id='word_1_171' title='bbox 1124 2314 1278 2376; x_wconf 88' lang='lat' dir='ltr'><strong>latinitate</strong></span> <span class='ocrx_word' id='word_1_172' title='bbox 1292 2332 1395 2375; x_wconf 89' lang='lat' dir='ltr'><strong>mero-</strong></span> 
     </span>
     <span class='ocr_line' id='line_1_20' title="bbox 224 2418 1391 2511; baseline 0 -33"><span class='ocrx_word' id='word_1_173' title='bbox 224 2418 350 2497; x_wconf 81' lang='lat' dir='ltr'><strong>vingica</strong></span> <span class='ocrx_word' id='word_1_174' title='bbox 360 2422 482 2481; x_wconf 88' lang='lat' dir='ltr'><strong>accedit</strong></span> <span class='ocrx_word' id='word_1_175' title='bbox 496 2421 586 2499; x_wconf 88' lang='lat' dir='ltr'><strong>quasi</strong></span> <span class='ocrx_word' id='word_1_176' title='bbox 600 2421 783 2481; x_wconf 88' lang='lat' dir='ltr'><strong>redundans</strong></span> <span class='ocrx_word' id='word_1_177' title='bbox 792 2422 1000 2499; x_wconf 87' lang='lat' dir='ltr'><strong>praepositio:</strong></span> <span class='ocrx_word' id='word_1_178' title='bbox 1013 2421 1199 2511; x_wconf 83' lang='lat' dir='ltr'><strong>Adtigerunt</strong></span> <span class='ocrx_word' id='word_1_179' title='bbox 1213 2421 1253 2482; x_wconf 88' lang='lat' dir='ltr'><strong>od</strong></span> <span class='ocrx_word' id='word_1_180' title='bbox 1267 2421 1391 2481; x_wconf 90' lang='lat' dir='ltr'><strong>urbem.</strong></span> 
     </span>
    </p>
   </div>
   <div class='ocr_carea' id='block_1_6' title="bbox 219 2525 1454 4522">
    <p class='ocr_par' dir='ltr' id='par_1_6' title="bbox 219 2525 1454 3885">
     <span class='ocr_line' id='line_1_21' title="bbox 224 2525 1390 2606; baseline 0 -20"><span class='ocrx_word' id='word_1_181' title='bbox 224 2525 316 2604; x_wconf 83' lang='lat' dir='ltr'><strong>Greg.</strong></span> <span class='ocrx_word' id='word_1_182' title='bbox 335 2527 410 2589; x_wconf 85' lang='lat' dir='ltr'><strong>Tur.</strong></span> <span class='ocrx_word' id='word_1_183' title='bbox 425 2528 485 2587; x_wconf 84' lang='lat' dir='ltr'><strong>HF.</strong></span> <span class='ocrx_word' id='word_1_184' title='bbox 504 2529 532 2602; x_wconf 88' lang='grc'><strong>3,</strong></span> <span class='ocrx_word' id='word_1_185' title='bbox 551 2529 599 2589; x_wconf 93' lang='grc'><strong>15.</strong></span> <span class='ocrx_word' id='word_1_186' title='bbox 617 2562 656 2572; x_wconf 91' lang='lat'>-</span> <span class='ocrx_word' id='word_1_187' title='bbox 669 2525 715 2587; x_wconf 84' lang='lat' dir='ltr'><strong>Ad</strong></span> <span class='ocrx_word' id='word_1_188' title='bbox 728 2529 889 2589; x_wconf 89' lang='lat' dir='ltr'><strong>civitatem</strong></span> <span class='ocrx_word' id='word_1_189' title='bbox 903 2528 1113 2590; x_wconf 82' lang='lat' dir='ltr'><strong>Arvernam...</strong></span> <span class='ocrx_word' id='word_1_190' title='bbox 1130 2547 1196 2589; x_wconf 91' lang='lat' dir='ltr'><strong>non</strong></span> <span class='ocrx_word' id='word_1_191' title='bbox 1214 2528 1328 2606; x_wconf 84' lang='lat' dir='ltr'><strong>attigit.</strong></span> <span class='ocrx_word' id='word_1_192' title='bbox 1344 2527 1390 2588; x_wconf 93' lang='lat' dir='ltr'><strong>ld.</strong></span> 
     </span>
     <span class='ocr_line' id='line_1_22' title="bbox 224 2631 1391 2714; baseline 0 -23"><span class='ocrx_word' id='word_1_193' title='bbox 224 2631 267 2692; x_wconf 88' lang='lat' dir='ltr'><strong>ib.</strong></span> <span class='ocrx_word' id='word_1_194' title='bbox 283 2635 314 2705; x_wconf 90' lang='grc'><strong>1,</strong></span> <span class='ocrx_word' id='word_1_195' title='bbox 330 2634 359 2693; x_wconf 89' lang='grc'><strong>5.</strong></span> <span class='ocrx_word' id='word_1_196' title='bbox 375 2665 417 2678; x_wconf 94' lang='grc'>-</span> <span class='ocrx_word' id='word_1_197' title='bbox 428 2633 569 2712; x_wconf 84' lang='lat' dir='ltr'><strong>Cumque</strong></span> <span class='ocrx_word' id='word_1_198' title='bbox 591 2635 744 2712; x_wconf 81' lang='lat' dir='ltr'><strong>attingere</strong></span> <span class='ocrx_word' id='word_1_199' title='bbox 768 2640 936 2695; x_wconf 88' lang='lat' dir='ltr'><strong>conaretur</strong></span> <span class='ocrx_word' id='word_1_200' title='bbox 950 2634 990 2695; x_wconf 87' lang='lat' dir='ltr'><strong>od</strong></span> <span class='ocrx_word' id='word_1_201' title='bbox 1016 2636 1099 2714; x_wconf 90' lang='lat' dir='ltr'><strong>ipsas</strong></span> <span class='ocrx_word' id='word_1_202' title='bbox 1114 2634 1322 2697; x_wconf 74' lang='lat' dir='ltr'><strong>navesGRF.</strong></span> <span class='ocrx_word' id='word_1_203' title='bbox 1340 2634 1391 2708; x_wconf 86' lang='grc'><strong>23,</strong></span> 
     </span>
     <span class='ocr_line' id='line_1_23' title="bbox 223 2740 1393 2820; baseline -0.001 -21"><span class='ocrx_word' id='word_1_204' title='bbox 223 2757 255 2816; x_wconf 86' lang='lat' dir='ltr'><strong>p.</strong></span> <span class='ocrx_word' id='word_1_205' title='bbox 285 2740 354 2812; x_wconf 90' lang='grc'><strong>557,</strong></span> <span class='ocrx_word' id='word_1_206' title='bbox 371 2742 407 2802; x_wconf 88' lang='lat' dir='ltr'><strong>A.</strong></span> <span class='ocrx_word' id='word_1_207' title='bbox 432 2774 471 2784; x_wconf 90' lang='lat'>-</span> <span class='ocrx_word' id='word_1_208' title='bbox 498 2742 541 2802; x_wconf 87' lang='lat' dir='ltr'><strong>Eo</strong></span> <span class='ocrx_word' id='word_1_209' title='bbox 568 2759 651 2802; x_wconf 90' lang='lat' dir='ltr'><strong>anno</strong></span> <span class='ocrx_word' id='word_1_210' title='bbox 680 2742 858 2802; x_wconf 87' lang='lat' dir='ltr'><strong>Ghramnus</strong></span> <span class='ocrx_word' id='word_1_211' title='bbox 884 2746 956 2820; x_wconf 91' lang='lat' dir='ltr'><strong>post</strong></span> <span class='ocrx_word' id='word_1_212' title='bbox 975 2746 1172 2802; x_wconf 90' lang='lat' dir='ltr'><strong>sacramenta</strong></span> <span class='ocrx_word' id='word_1_213' title='bbox 1201 2758 1282 2819; x_wconf 91' lang='lat' dir='ltr'><strong>quae</strong></span> <span class='ocrx_word' id='word_1_214' title='bbox 1310 2740 1393 2818; x_wconf 89' lang='lat' dir='ltr'><strong>patri</strong></span> 
     </span>
     <span class='ocr_line' id='line_1_24' title="bbox 224 2846 1394 2926; baseline 0 -21"><span class='ocrx_word' id='word_1_215' title='bbox 224 2846 364 2916; x_wconf 87' lang='lat' dir='ltr'><strong>dederat,</strong></span> <span class='ocrx_word' id='word_1_216' title='bbox 381 2847 421 2909; x_wconf 85' lang='lat' dir='ltr'><strong>od</strong></span> <span class='ocrx_word' id='word_1_217' title='bbox 434 2846 601 2908; x_wconf 86' lang='lat' dir='ltr'><strong>Britannos</strong></span> <span class='ocrx_word' id='word_1_218' title='bbox 615 2850 715 2926; x_wconf 91' lang='lat' dir='ltr'><strong>petiit.</strong></span> <span class='ocrx_word' id='word_1_219' title='bbox 728 2849 804 2907; x_wconf 87' lang='lat' dir='ltr'><strong>Mar.</strong></span> <span class='ocrx_word' id='word_1_220' title='bbox 819 2847 873 2908; x_wconf 94' lang='lat' dir='ltr'><strong>Av.</strong></span> <span class='ocrx_word' id='word_1_221' title='bbox 890 2865 921 2926; x_wconf 90' lang='lat' dir='ltr'><strong>p.</strong></span> <span class='ocrx_word' id='word_1_222' title='bbox 939 2848 988 2920; x_wconf 93' lang='grc'><strong>17,</strong></span> <span class='ocrx_word' id='word_1_223' title='bbox 1005 2847 1040 2909; x_wconf 92' lang='grc' dir='ltr'><strong>Β.</strong></span> <span class='ocrx_word' id='word_1_224' title='bbox 1053 2846 1147 2908; x_wconf 82' lang='lat' dir='ltr'><strong>-Aa</strong></span> <span class='ocrx_word' id='word_1_225' title='bbox 1161 2847 1259 2908; x_wconf 89' lang='lat' dir='ltr'><strong>alium</strong></span> <span class='ocrx_word' id='word_1_226' title='bbox 1275 2847 1394 2925; x_wconf 86' lang='lat' dir='ltr'><strong>criptae</strong></span> 
     </span>
     <span class='ocr_line' id='line_1_25' title="bbox 224 2952 1390 3033; baseline 0.001 -23"><span class='ocrx_word' id='word_1_227' title='bbox 224 2953 339 3012; x_wconf 88' lang='lat' dir='ltr'><strong>ostium</strong></span> <span class='ocrx_word' id='word_1_228' title='bbox 352 2955 440 3032; x_wconf 84' lang='lat' dir='ltr'><strong>petit.</strong></span> <span class='ocrx_word' id='word_1_229' title='bbox 458 2953 549 3032; x_wconf 81' lang='lat' dir='ltr'><strong>Greg.</strong></span> <span class='ocrx_word' id='word_1_230' title='bbox 564 2956 635 3015; x_wconf 85' lang='grc'><strong>711.</strong></span> <span class='ocrx_word' id='word_1_231' title='bbox 653 2955 714 3015; x_wconf 80' lang='lat' dir='ltr'><strong>HF.</strong></span> <span class='ocrx_word' id='word_1_232' title='bbox 731 2958 761 3027; x_wconf 92' lang='grc'><strong>1,</strong></span> <span class='ocrx_word' id='word_1_233' title='bbox 779 2955 827 3013; x_wconf 90' lang='grc'><strong>12.</strong></span> <span class='ocrx_word' id='word_1_234' title='bbox 841 2952 1050 3031; x_wconf 81' lang='lat' dir='ltr'><strong>-Adregem</strong></span> <span class='ocrx_word' id='word_1_235' title='bbox 1066 2954 1164 3033; x_wconf 90' lang='lat' dir='ltr'><strong>petiit.</strong></span> <span class='ocrx_word' id='word_1_236' title='bbox 1182 2955 1228 3015; x_wconf 94' lang='lat' dir='ltr'><strong>ld.</strong></span> <span class='ocrx_word' id='word_1_237' title='bbox 1241 2953 1283 3013; x_wconf 93' lang='lat' dir='ltr'><strong>ib.</strong></span> <span class='ocrx_word' id='word_1_238' title='bbox 1296 2955 1326 3028; x_wconf 90' lang='grc'><strong>1,</strong></span> <span class='ocrx_word' id='word_1_239' title='bbox 1340 2953 1390 3011; x_wconf 88' lang='grc'><strong>35.</strong></span> 
     </span>
     <span class='ocr_line' id='line_1_26' title="bbox 224 3057 1390 3140; baseline 0.001 -22"><span class='ocrx_word' id='word_1_240' title='bbox 224 3057 322 3120; x_wconf 84' lang='lat' dir='ltr'><strong>-Ad</strong></span> <span class='ocrx_word' id='word_1_241' title='bbox 335 3078 442 3140; x_wconf 80' lang='lat' dir='ltr'><strong>regem</strong></span> <span class='ocrx_word' id='word_1_242' title='bbox 456 3064 543 3139; x_wconf 88' lang='lat' dir='ltr'><strong>petit.</strong></span> <span class='ocrx_word' id='word_1_243' title='bbox 561 3061 605 3121; x_wconf 91' lang='lat' dir='ltr'><strong>ld.</strong></span> <span class='ocrx_word' id='word_1_244' title='bbox 623 3060 666 3120; x_wconf 92' lang='lat' dir='ltr'><strong>ib.</strong></span> <span class='ocrx_word' id='word_1_245' title='bbox 689 3062 719 3133; x_wconf 84' lang='lat'><strong>5,</strong></span> <span class='ocrx_word' id='word_1_246' title='bbox 731 3061 781 3120; x_wconf 90' lang='grc'><strong>25.</strong></span> <span class='ocrx_word' id='word_1_247' title='bbox 794 3094 833 3103; x_wconf 90' lang='lat'><strong>·-</strong></span> <span class='ocrx_word' id='word_1_248' title='bbox 844 3058 891 3120; x_wconf 84' lang='lat' dir='ltr'><strong>Ad</strong></span> <span class='ocrx_word' id='word_1_249' title='bbox 905 3059 1047 3138; x_wconf 85' lang='lat' dir='ltr'><strong>hospites</strong></span> <span class='ocrx_word' id='word_1_250' title='bbox 1059 3080 1170 3123; x_wconf 88' lang='lat' dir='ltr'><strong>suos...</strong></span> <span class='ocrx_word' id='word_1_251' title='bbox 1189 3061 1328 3140; x_wconf 84' lang='lat' dir='ltr'><strong>expetiit.</strong></span> <span class='ocrx_word' id='word_1_252' title='bbox 1345 3060 1390 3121; x_wconf 95' lang='lat' dir='ltr'><strong>ld.</strong></span> 
     </span>
     <span class='ocr_line' id='line_1_27' title="bbox 219 3163 1395 3245; baseline 0 -21"><span class='ocrx_word' id='word_1_253' title='bbox 219 3163 267 3236; x_wconf 88' lang='lat' dir='ltr'><strong>ib.</strong></span> <span class='ocrx_word' id='word_1_254' title='bbox 283 3167 312 3241; x_wconf 91' lang='grc'><strong>5,</strong></span> <span class='ocrx_word' id='word_1_255' title='bbox 329 3168 378 3227; x_wconf 80' lang='grc'><strong>19.</strong></span> <span class='ocrx_word' id='word_1_256' title='bbox 401 3201 440 3210; x_wconf 96' lang='grc'>-</span> <span class='ocrx_word' id='word_1_257' title='bbox 453 3166 499 3228; x_wconf 80' lang='lat' dir='ltr'><strong>Aa</strong></span> <span class='ocrx_word' id='word_1_258' title='bbox 528 3166 694 3228; x_wconf 88' lang='lat' dir='ltr'><strong>ecclesiam</strong></span> <span class='ocrx_word' id='word_1_259' title='bbox 721 3169 809 3245; x_wconf 90' lang='lat' dir='ltr'><strong>petit.</strong></span> <span class='ocrx_word' id='word_1_260' title='bbox 840 3167 886 3227; x_wconf 96' lang='lat' dir='ltr'><strong>ld.</strong></span> <span class='ocrx_word' id='word_1_261' title='bbox 916 3167 959 3228; x_wconf 89' lang='lat' dir='ltr'><strong>ib.</strong></span> <span class='ocrx_word' id='word_1_262' title='bbox 977 3169 1005 3241; x_wconf 86' lang='lat'><strong>7,</strong></span> <span class='ocrx_word' id='word_1_263' title='bbox 1023 3169 1075 3228; x_wconf 93' lang='grc'><strong>17.</strong></span> <span class='ocrx_word' id='word_1_264' title='bbox 1092 3201 1130 3211; x_wconf 89' lang='grc'><strong>-</strong></span> <span class='ocrx_word' id='word_1_265' title='bbox 1158 3166 1204 3228; x_wconf 84' lang='lat' dir='ltr'><strong>Ad</strong></span> <span class='ocrx_word' id='word_1_266' title='bbox 1232 3168 1395 3244; x_wconf 83' lang='lat' dir='ltr'><strong>tugurium</strong></span> 
     </span>
     <span class='ocr_line' id='line_1_28' title="bbox 224 3272 1395 3353; baseline 0 -21"><span class='ocrx_word' id='word_1_267' title='bbox 224 3273 446 3353; x_wconf 80' lang='lat' dir='ltr'><strong>Leudeghysili</strong></span> <span class='ocrx_word' id='word_1_268' title='bbox 459 3275 547 3352; x_wconf 89' lang='lat' dir='ltr'><strong>petit.</strong></span> <span class='ocrx_word' id='word_1_269' title='bbox 575 3275 620 3335; x_wconf 96' lang='lat' dir='ltr'><strong>ld.</strong></span> <span class='ocrx_word' id='word_1_270' title='bbox 638 3274 680 3334; x_wconf 87' lang='lat' dir='ltr'><strong>ih.</strong></span> <span class='ocrx_word' id='word_1_271' title='bbox 698 3277 727 3348; x_wconf 88' lang='lat'><strong>7,</strong></span> <span class='ocrx_word' id='word_1_272' title='bbox 743 3274 792 3333; x_wconf 87' lang='grc'><strong>39.</strong></span> <span class='ocrx_word' id='word_1_273' title='bbox 811 3306 849 3315; x_wconf 89' lang='lat'>-</span> <span class='ocrx_word' id='word_1_274' title='bbox 863 3274 903 3333; x_wconf 87' lang='lat' dir='ltr'><strong>Ut</strong></span> <span class='ocrx_word' id='word_1_275' title='bbox 924 3274 952 3333; x_wconf 92' lang='lat' dir='ltr'><strong>ei</strong></span> <span class='ocrx_word' id='word_1_276' title='bbox 978 3272 1144 3334; x_wconf 90' lang='lat' dir='ltr'><strong>consilium</strong></span> <span class='ocrx_word' id='word_1_277' title='bbox 1171 3272 1291 3335; x_wconf 87' lang='lat' dir='ltr'><strong>occulte</strong></span> <span class='ocrx_word' id='word_1_278' title='bbox 1306 3288 1395 3350; x_wconf 88' lang='lat' dir='ltr'><strong>prae·</strong></span> 
     </span>
     <span class='ocr_line' id='line_1_29' title="bbox 224 3374 1454 3457; baseline -0.002 -20"><span class='ocrx_word' id='word_1_279' title='bbox 224 3378 312 3439; x_wconf 90' lang='lat' dir='ltr'><strong>heret</strong></span> <span class='ocrx_word' id='word_1_280' title='bbox 326 3379 491 3457; x_wconf 87' lang='lat' dir='ltr'><strong>expetendi</strong></span> <span class='ocrx_word' id='word_1_281' title='bbox 519 3379 559 3441; x_wconf 87' lang='lat' dir='ltr'><strong>od</strong></span> <span class='ocrx_word' id='word_1_282' title='bbox 586 3379 749 3440; x_wconf 86' lang='lat' dir='ltr'><strong>basilicam</strong></span> <span class='ocrx_word' id='word_1_283' title='bbox 778 3380 877 3439; x_wconf 88' lang='lat' dir='ltr'><strong>sancti</strong></span> <span class='ocrx_word' id='word_1_284' title='bbox 905 3380 1041 3439; x_wconf 87' lang='lat' dir='ltr'><strong>Martini.</strong></span> <span class='ocrx_word' id='word_1_285' title='bbox 1057 3380 1102 3440; x_wconf 95' lang='lat' dir='ltr'><strong>ld.</strong></span> <span class='ocrx_word' id='word_1_286' title='bbox 1119 3377 1162 3438; x_wconf 89' lang='lat' dir='ltr'><strong>ib.</strong></span> <span class='ocrx_word' id='word_1_287' title='bbox 1178 3380 1207 3453; x_wconf 93' lang='grc'><strong>5,</strong></span> <span class='ocrx_word' id='word_1_288' title='bbox 1225 3380 1273 3437; x_wconf 92' lang='grc'><strong>11.</strong></span> <span class='ocrx_word' id='word_1_289' title='bbox 1290 3409 1329 3420; x_wconf 88' lang='lat'><em>-</em></span> <span class='ocrx_word' id='word_1_290' title='bbox 1346 3374 1393 3436; x_wconf 86' lang='lat' dir='ltr'><strong>Ad</strong></span> <span class='ocrx_word' id='word_1_291' title='bbox 1450 3397 1454 3403; x_wconf 88' lang='lat'>·</span> 
     </span>
     <span class='ocr_line' id='line_1_30' title="bbox 224 3485 1393 3568; baseline -0.003 -22"><span class='ocrx_word' id='word_1_292' title='bbox 224 3486 388 3547; x_wconf 85' lang='lat' dir='ltr'><strong>basilicam</strong></span> <span class='ocrx_word' id='word_1_293' title='bbox 403 3486 504 3568; x_wconf 86' lang='lat' dir='ltr'><strong>sancti</strong></span> <span class='ocrx_word' id='word_1_294' title='bbox 524 3487 656 3565; x_wconf 89' lang='lat' dir='ltr'><strong>repetiit.</strong></span> <span class='ocrx_word' id='word_1_295' title='bbox 674 3486 719 3545; x_wconf 90' lang='lat' dir='ltr'><strong>ld.</strong></span> <span class='ocrx_word' id='word_1_296' title='bbox 736 3486 801 3545; x_wconf 88' lang='lat' dir='ltr'><strong>VM.</strong></span> <span class='ocrx_word' id='word_1_297' title='bbox 817 3488 846 3560; x_wconf 87' lang='lat'><strong>3,</strong></span> <span class='ocrx_word' id='word_1_298' title='bbox 863 3489 891 3546; x_wconf 88' lang='lat'><strong>3.</strong></span> <span class='ocrx_word' id='word_1_299' title='bbox 909 3485 997 3557; x_wconf 82' lang='lat' dir='ltr'><strong>Quod</strong></span> <span class='ocrx_word' id='word_1_300' title='bbox 1021 3490 1124 3546; x_wconf 90' lang='lat' dir='ltr'><strong>tamen</strong></span> <span class='ocrx_word' id='word_1_301' title='bbox 1143 3486 1247 3564; x_wconf 87' lang='lat' dir='ltr'><strong>potius</strong></span> <span class='ocrx_word' id='word_1_302' title='bbox 1263 3485 1393 3563; x_wconf 89' lang='lat' dir='ltr'><strong>scripto·</strong></span> 
     </span>
     <span class='ocr_line' id='line_1_31' title="bbox 224 3591 1392 3672; baseline -0.002 -20"><span class='ocrx_word' id='word_1_303' title='bbox 224 3593 311 3653; x_wconf 86' lang='lat' dir='ltr'><strong>ribus</strong></span> <span class='ocrx_word' id='word_1_304' title='bbox 326 3593 485 3672; x_wconf 86' lang='lat' dir='ltr'><strong>peculiare</strong></span> <span class='ocrx_word' id='word_1_305' title='bbox 497 3594 611 3664; x_wconf 87' lang='lat' dir='ltr'><strong>dicam,</strong></span> <span class='ocrx_word' id='word_1_306' title='bbox 624 3610 696 3653; x_wconf 92' lang='lat' dir='ltr'><strong>cum</strong></span> <span class='ocrx_word' id='word_1_307' title='bbox 708 3595 870 3654; x_wconf 89' lang='lat' dir='ltr'><strong>evanuerit</strong></span> <span class='ocrx_word' id='word_1_308' title='bbox 880 3593 906 3653; x_wconf 89' lang='lat' dir='ltr'><strong>si</strong></span> <span class='ocrx_word' id='word_1_309' title='bbox 916 3593 956 3653; x_wconf 88' lang='lat' dir='ltr'><strong>ad</strong></span> <span class='ocrx_word' id='word_1_310' title='bbox 966 3592 1128 3670; x_wconf 81' lang='lat' dir='ltr'><strong>vulgarem</strong></span> <span class='ocrx_word' id='word_1_311' title='bbox 1138 3609 1229 3651; x_wconf 92' lang='lat' dir='ltr'><strong>usum</strong></span> <span class='ocrx_word' id='word_1_312' title='bbox 1240 3591 1392 3652; x_wconf 88' lang='lat' dir='ltr'><strong>adtendas</strong></span> 
     </span>
     <span class='ocr_line' id='line_1_32' title="bbox 223 3697 1392 3778; baseline -0.002 -19"><span class='ocrx_word' id='word_1_313' title='bbox 223 3698 355 3760; x_wconf 85' lang='lat' dir='ltr'><strong>verbum</strong></span> <span class='ocrx_word' id='word_1_314' title='bbox 368 3707 479 3778; x_wconf 79' lang='lat' dir='ltr'><strong>petere,</strong></span> <span class='ocrx_word' id='word_1_315' title='bbox 496 3703 526 3758; x_wconf 89' lang='lat' dir='ltr'><strong>et</strong></span> <span class='ocrx_word' id='word_1_316' title='bbox 540 3698 698 3777; x_wconf 79' lang='lat' dir='ltr'><strong>adtinqcrc</strong></span> <span class='ocrx_word' id='word_1_317' title='bbox 713 3701 766 3758; x_wconf 88' lang='lat' dir='ltr'><strong>vix</strong></span> <span class='ocrx_word' id='word_1_318' title='bbox 784 3701 816 3758; x_wconf 92' lang='lat' dir='ltr'><strong>in</strong></span> <span class='ocrx_word' id='word_1_319' title='bbox 830 3700 928 3759; x_wconf 90' lang='lat' dir='ltr'><strong>veteri</strong></span> <span class='ocrx_word' id='word_1_320' title='bbox 946 3698 1060 3776; x_wconf 84' lang='lat' dir='ltr'><strong>gallica</strong></span> <span class='ocrx_word' id='word_1_321' title='bbox 1082 3697 1190 3775; x_wconf 82' lang='lat' dir='ltr'><strong>lingua</strong></span> <span class='ocrx_word' id='word_1_322' title='bbox 1208 3714 1392 3776; x_wconf 90' lang='lat' dir='ltr'><strong>repraesen-</strong></span> 
     </span>
     <span class='ocr_line' id='line_1_33' title="bbox 223 3804 1389 3885; baseline -0.001 -18"><span class='ocrx_word' id='word_1_323' title='bbox 223 3812 315 3883; x_wconf 87' lang='lat' dir='ltr'><strong>tetur,</strong></span> <span class='ocrx_word' id='word_1_324' title='bbox 332 3810 414 3869; x_wconf 91' lang='lat' dir='ltr'><strong>utin</strong></span> <span class='ocrx_word' id='word_1_325' title='bbox 434 3807 495 3868; x_wconf 89' lang='lat' dir='ltr'><strong>hoc</strong></span> <span class='ocrx_word' id='word_1_326' title='bbox 511 3824 518 3866; x_wconf 76' lang='grc' dir='ltr'>ε</span> <span class='ocrx_word' id='word_1_327' title='bbox 536 3808 572 3866; x_wconf 87' lang='lat' dir='ltr'><strong>Et</strong></span> <span class='ocrx_word' id='word_1_328' title='bbox 585 3808 612 3866; x_wconf 92' lang='lat' dir='ltr'><strong>si</strong></span> <span class='ocrx_word' id='word_1_329' title='bbox 626 3824 665 3866; x_wconf 91' lang='lat' dir='ltr'><strong>ne</strong></span> <span class='ocrx_word' id='word_1_330' title='bbox 680 3824 792 3885; x_wconf 91' lang='lat' dir='ltr'><strong>porras</strong></span> <span class='ocrx_word' id='word_1_331' title='bbox 806 3807 884 3865; x_wconf 89' lang='lat' dir='ltr'><strong>mies</strong></span> <span class='ocrx_word' id='word_1_332' title='bbox 899 3807 1054 3882; x_wconf 85' lang='lat' dir='ltr'><strong>atignrea</strong></span> <span class='ocrx_word' id='word_1_333' title='bbox 1073 3804 1124 3865; x_wconf 93' lang='lat' dir='ltr'><strong>lei.</strong></span> <span class='ocrx_word' id='word_1_334' title='bbox 1141 3806 1256 3867; x_wconf 83' lang='lat' dir='ltr'><strong>SBern.</strong></span> <span class='ocrx_word' id='word_1_335' title='bbox 1272 3824 1302 3883; x_wconf 91' lang='lat' dir='ltr'><strong>p.</strong></span> <span class='ocrx_word' id='word_1_336' title='bbox 1320 3806 1389 3866; x_wconf 85' lang='grc'><strong>528.</strong></span> 
     </span>
    </p>

    <p class='ocr_par' dir='ltr' id='par_1_7' title="bbox 224 3911 1391 4522">
     <span class='ocr_line' id='line_1_34' title="bbox 264 3911 1391 3995; baseline -0.004 -19"><span class='ocrx_word' id='word_1_337' title='bbox 264 3915 293 3995; x_wconf 84' lang='lat' dir='ltr'><strong>c)</strong></span> <span class='ocrx_word' id='word_1_338' title='bbox 319 3915 410 3993; x_wconf 83' lang='lat' dir='ltr'><strong>Apud</strong></span> <span class='ocrx_word' id='word_1_339' title='bbox 434 3915 561 3974; x_wconf 89' lang='lat' dir='ltr'><strong>Latinos</strong></span> <span class='ocrx_word' id='word_1_340' title='bbox 588 3913 729 3973; x_wconf 90' lang='lat' dir='ltr'><strong>omnium</strong></span> <span class='ocrx_word' id='word_1_341' title='bbox 758 3911 954 3972; x_wconf 88' lang='lat' dir='ltr'><strong>saeculorum</strong></span> <span class='ocrx_word' id='word_1_342' title='bbox 985 3916 1129 3972; x_wconf 89' lang='lat' dir='ltr'><strong>auctores</strong></span> <span class='ocrx_word' id='word_1_343' title='bbox 1155 3913 1300 3971; x_wconf 89' lang='lat' dir='ltr'><strong>usitatius</strong></span> <span class='ocrx_word' id='word_1_344' title='bbox 1332 3912 1391 3971; x_wconf 90' lang='lat' dir='ltr'><strong>fuit</strong></span> 
     </span>
     <span class='ocr_line' id='line_1_35' title="bbox 224 4018 1390 4099; baseline -0.003 -20"><span class='ocrx_word' id='word_1_345' title='bbox 224 4022 489 4099; x_wconf 90' lang='lat' dir='ltr'><strong>praepositionem</strong></span> <span class='ocrx_word' id='word_1_346' title='bbox 520 4020 559 4081; x_wconf 87' lang='grc'><strong>11</strong></span> <span class='ocrx_word' id='word_1_347' title='bbox 592 4038 651 4099; x_wconf 90' lang='lat' dir='ltr'><strong>pro</strong></span> <span class='ocrx_word' id='word_1_348' title='bbox 689 4018 840 4097; x_wconf 81' lang='lat' dir='ltr'><strong>aduersus,</strong></span> <span class='ocrx_word' id='word_1_349' title='bbox 875 4025 981 4078; x_wconf 82' lang='lat' dir='ltr'><strong>contro</strong></span> <span class='ocrx_word' id='word_1_350' title='bbox 1000 4036 1129 4096; x_wconf 91' lang='lat' dir='ltr'><strong>ponere,</strong></span> <span class='ocrx_word' id='word_1_351' title='bbox 1155 4019 1342 4096; x_wconf 88' lang='lat' dir='ltr'><strong>praesertim</strong></span> <span class='ocrx_word' id='word_1_352' title='bbox 1364 4018 1390 4076; x_wconf 92' lang='lat' dir='ltr'><strong>si</strong></span> 
     </span>
     <span class='ocr_line' id='line_1_36' title="bbox 224 4122 1388 4202; baseline -0.003 -16"><span class='ocrx_word' id='word_1_353' title='bbox 224 4127 431 4188; x_wconf 89' lang='lat' dir='ltr'><strong>subaudiatur</strong></span> <span class='ocrx_word' id='word_1_354' title='bbox 446 4131 550 4188; x_wconf 88' lang='lat' dir='ltr'><strong>motus</strong></span> <span class='ocrx_word' id='word_1_355' title='bbox 563 4126 697 4202; x_wconf 89' lang='lat' dir='ltr'><strong>hostilis,</strong></span> <span class='ocrx_word' id='word_1_356' title='bbox 724 4127 812 4186; x_wconf 89' lang='lat' dir='ltr'><strong>utin</strong></span> <span class='ocrx_word' id='word_1_357' title='bbox 835 4124 904 4183; x_wconf 91' lang='lat' dir='ltr'><strong>his:</strong></span> <span class='ocrx_word' id='word_1_358' title='bbox 930 4127 1012 4185; x_wconf 89' lang='lat' dir='ltr'><strong>Eunt</strong></span> <span class='ocrx_word' id='word_1_359' title='bbox 1032 4124 1072 4185; x_wconf 87' lang='lat' dir='ltr'><strong>od</strong></span> <span class='ocrx_word' id='word_1_360' title='bbox 1085 4129 1116 4185; x_wconf 90' lang='lat' dir='ltr'><strong>te</strong></span> <span class='ocrx_word' id='word_1_361' title='bbox 1141 4124 1258 4185; x_wconf 87' lang='lat' dir='ltr'><strong>hostes.</strong></span> <span class='ocrx_word' id='word_1_362' title='bbox 1285 4122 1388 4183; x_wconf 91' lang='lat' dir='ltr'><strong>Plaut.</strong></span> 
     </span>
     <span class='ocr_line' id='line_1_37' title="bbox 225 4229 1387 4312; baseline -0.007 -19"><span class='ocrx_word' id='word_1_363' title='bbox 225 4232 312 4312; x_wconf 86' lang='lat' dir='ltr'><strong>Gapt.</strong></span> <span class='ocrx_word' id='word_1_364' title='bbox 330 4234 398 4295; x_wconf 89' lang='grc'><strong>531.</strong></span> <span class='ocrx_word' id='word_1_365' title='bbox 416 4268 455 4277; x_wconf 96' lang='grc'>-</span> <span class='ocrx_word' id='word_1_366' title='bbox 468 4231 515 4294; x_wconf 81' lang='lat' dir='ltr'><strong>Ad</strong></span> <span class='ocrx_word' id='word_1_367' title='bbox 529 4250 635 4294; x_wconf 89' lang='lat' dir='ltr'><strong>senem</strong></span> <span class='ocrx_word' id='word_1_368' title='bbox 650 4233 790 4311; x_wconf 89' lang='lat' dir='ltr'><strong>aliquam</strong></span> <span class='ocrx_word' id='word_1_369' title='bbox 812 4230 966 4291; x_wconf 89' lang='lat' dir='ltr'><strong>fabricam</strong></span> <span class='ocrx_word' id='word_1_370' title='bbox 985 4230 1084 4308; x_wconf 81' lang='lat' dir='ltr'><strong>fingit.</strong></span> <span class='ocrx_word' id='word_1_371' title='bbox 1103 4231 1173 4290; x_wconf 86' lang='lat' dir='ltr'><strong>Ter.</strong></span> <span class='ocrx_word' id='word_1_372' title='bbox 1191 4229 1387 4289; x_wconf 83' lang='grc' dir='ltr'><strong>Η11111.515.</strong></span> 
     </span>
     <span class='ocr_line' id='line_1_38' title="bbox 225 4334 1390 4419; baseline -0.003 -19"><span class='ocrx_word' id='word_1_373' title='bbox 225 4371 263 4384; x_wconf 91' lang='lat'><em>-</em></span> <span class='ocrx_word' id='word_1_374' title='bbox 280 4341 366 4401; x_wconf 86' lang='lat' dir='ltr'><strong>Tecti</strong></span> <span class='ocrx_word' id='word_1_375' title='bbox 381 4358 447 4402; x_wconf 86' lang='lat' dir='ltr'><strong>esso</strong></span> <span class='ocrx_word' id='word_1_376' title='bbox 462 4339 501 4401; x_wconf 84' lang='grc'><strong>11</strong></span> <span class='ocrx_word' id='word_1_377' title='bbox 516 4341 635 4401; x_wconf 91' lang='lat' dir='ltr'><strong>alienos</strong></span> <span class='ocrx_word' id='word_1_378' title='bbox 654 4357 831 4419; x_wconf 88' lang='lat' dir='ltr'><strong>possumus.</strong></span> <span class='ocrx_word' id='word_1_379' title='bbox 849 4336 911 4397; x_wconf 83' lang='lat' dir='ltr'><strong>(iic.</strong></span> <span class='ocrx_word' id='word_1_380' title='bbox 932 4355 989 4416; x_wconf 90' lang='lat' dir='ltr'><strong>pro</strong></span> <span class='ocrx_word' id='word_1_381' title='bbox 1005 4341 1094 4399; x_wconf 89' lang='lat' dir='ltr'><strong>Rosc.</strong></span> <span class='ocrx_word' id='word_1_382' title='bbox 1111 4338 1161 4397; x_wconf 89' lang='grc'><strong>10.</strong></span> <span class='ocrx_word' id='word_1_383' title='bbox 1178 4371 1217 4380; x_wconf 92' lang='grc'>-</span> <span class='ocrx_word' id='word_1_384' title='bbox 1230 4336 1339 4397; x_wconf 84' lang='lat' dir='ltr'><strong>Veniri</strong></span> <span class='ocrx_word' id='word_1_385' title='bbox 1350 4334 1390 4396; x_wconf 81' lang='lat' dir='ltr'><strong>od</strong></span> 
     </span>
     <span class='ocr_line' id='line_1_39' title="bbox 224 4439 1389 4522; baseline -0.006 -14"><span class='ocrx_word' id='word_1_386' title='bbox 224 4465 258 4508; x_wconf 83' lang='lat' dir='ltr'><strong>se</strong></span> <span class='ocrx_word' id='word_1_387' title='bbox 274 4447 437 4509; x_wconf 81' lang='lat' dir='ltr'><strong>confestim</strong></span> <span class='ocrx_word' id='word_1_388' title='bbox 457 4448 679 4509; x_wconf 81' lang='lat' dir='ltr'><strong>existimantes.</strong></span> <span class='ocrx_word' id='word_1_389' title='bbox 701 4445 787 4506; x_wconf 80' lang='lat' dir='ltr'><strong>(taes.</strong></span> <span class='ocrx_word' id='word_1_390' title='bbox 808 4443 868 4503; x_wconf 87' lang='lat' dir='ltr'><strong>BG.</strong></span> <span class='ocrx_word' id='word_1_391' title='bbox 886 4446 915 4516; x_wconf 83' lang='lat'><strong>7,</strong></span> <span class='ocrx_word' id='word_1_392' title='bbox 933 4443 980 4504; x_wconf 88' lang='grc'><strong>70.</strong></span> <span class='ocrx_word' id='word_1_393' title='bbox 998 4477 1035 4487; x_wconf 95' lang='grc'><strong>-</strong></span> <span class='ocrx_word' id='word_1_394' title='bbox 1050 4445 1204 4505; x_wconf 88' lang='lat' dir='ltr'><strong>Lernaeas</strong></span> <span class='ocrx_word' id='word_1_395' title='bbox 1218 4447 1337 4522; x_wconf 78' lang='lat' dir='ltr'><strong>pugnet</strong></span> <span class='ocrx_word' id='word_1_396' title='bbox 1350 4439 1389 4502; x_wconf 85' lang='lat' dir='ltr'><strong>od</strong></span> 
     </span>
    </p>
   </div>
   <div class='ocr_carea' id='block_1_7' title="bbox 0 0 1546 5067">
    <p class='ocr_par' dir='ltr' id='par_1_8' title="bbox 0 0 1546 5067">
     <span class='ocr_line' id='line_1_40' title="bbox 0 0 1546 5067; baseline 0 0"><span class='ocrx_word' id='word_1_397' title='bbox 0 0 1546 5067; x_wconf 95' lang='lat' dir='ltr'><strong> </strong></span> 
     </span>
    </p>
   </div>
  </div>
 </body>
</html>
