3084 5067
742 374 903 436 ..11-

270 533 301 617 a)
316 533 407 615 Apud
421 535 547 597 Latinos
570 536 697 614 quidem
712 553 781 597 mos
795 535 853 596 luit
877 535 1034 616 particula
1049 538 1082 598 11
1104 535 1345 601 translationem
1359 539 1400 603 ad

187 623 192 650 '
226 643 372 723 regiones
385 647 507 716 notare,
522 645 632 722 utpote
646 641 700 721 qui
715 642 856 703 dicerent
872 661 879 704 :
897 645 1030 705 1111111
1044 642 1176 725 ltaliam,
1194 646 1228 706 11
1253 642 1398 723 Galliam,

228 754 287 813 etc.
309 749 371 812 Sed
394 753 541 828 vergente
556 748 710 829 paulatim
733 749 855 827 lingua,
875 753 1005 830 saepius
1019 748 1058 812 od
1081 751 1193 813 iisdem
1217 752 1400 816 nominibus

225 853 273 919 est
285 858 513 938 praepositum,
530 858 619 918 cuius
634 858 679 918 rei
695 858 842 936 exempla
855 857 920 918 iere
944 860 1110 921 innumera
1125 861 1211 940 apud
1227 862 1398 940 scriptores

224 963 378 1028 1111111111
400 963 575 1045 Angenior:
600 964 718 1026 Cimbri
740 969 771 1026 et
797 966 952 1027 Teutones
979 965 1018 1029 od
1042 966 1166 1027 Italiam
1189 969 1395 1029 transierunt.

223 1074 311 1136 Eutr.
327 1074 357 1151 5,
372 1072 401 1132 1.
418 1106 457 1118 -
471 1071 646 1134 Hannibale
659 1074 805 1134 veniente
820 1070 1020 1135 1111111111.
1037 1073 1082 1136 ld.
1099 1075 1129 1146 3,
1146 1075 1196 1137 11.
1214 1109 1252 1118 -
1267 1071 1313 1136 Aa
1328 1074 1397 1135 His-

223 1180 351 1260 paniam
376 1181 500 1241 missus.
517 1179 676 1260 Spartian.
701 1179 807 1241 Sever.
825 1182 854 1241 3.
871 1215 910 1224 -
923 1177 970 1242 Aa
993 1179 1129 1242 Africam
1143 1180 1283 1259 legiones
1297 1180 1394 1243 misit.

222 1286 268 1350 id.
284 1285 328 1348 11.
351 1286 381 1349 8.
398 1321 437 1333 —
450 1286 492 1348 Ut
505 1285 644 1365 legiones
658 1284 698 1347 ad
712 1286 850 1348 Africam
865 1286 1012 1348 mitteret.
1029 1287 1075 1349 ld.
1091 1287 1241 1351 Pescenn.
1257 1288 1290 1352 5.
1300 1322 1338 1333 -
1348 1288 1398 1350 Ad

222 1411 317 1473 agros
343 1412 417 1456 suos
445 1393 603 1474 proiectus
629 1397 659 1457 et
686 1392 725 1455 od
755 1393 973 1472 Campaniam.
999 1394 1133 1473 Capitol.
1159 1395 1273 1456 Anton.
1301 1395 1336 1456 P.
1364 1396 1393 1456 1.

221 1533 260 1547 -
274 1501 444 1564 Revertens
457 1499 498 1563 ad
519 1500 652 1563 ltaliam.
669 1500 716 1563 ld.
733 1499 849 1566 Aaron.
865 1500 946 1561 Phil.
963 1500 1014 1563 11.
1030 1534 1069 1546 -
1084 1501 1125 1563 111
1139 1500 1185 1563 111
1198 1501 1395 1563 Britanniam

222 1605 486 1688 proficisceretur.
503 1607 548 1668 ld.
574 1608 693 1667 Pertin.
710 1609 740 1668 3.
758 1640 797 1650 -
811 1603 857 1666 Ad
872 1605 1004 1667 Galliam
1027 1606 1211 1669 translatus.
1236 1608 1282 1671 ld.
1304 1607 1392 1671 Clod.

219 1713 288 1778 Alb.
310 1716 340 1779 6.
357 1749 396 1761 -
409 1713 456 1776 Ad
475 1713 613 1777 Africam
638 1713 709 1776 isse.
729 1713 774 1775 Id.
798 1711 881 1793 Opil.
898 1714 992 1776 11111.
1009 1713 1184 1778 1.-(1111
1204 1714 1245 1777 nd
1269 1714 1393 1778 ltaliam

220 1828 400 1905 pergerent.
426 1823 539 1903 Eugip.
555 1823 611 1884 vit.
639 1822 671 1885 S.
689 1821 795 1884 Sever.
819 1823 849 1895 1,
866 1821 896 1884 1.
912 1854 951 1866 -
964 1821 1050 1884 Vade
1074 1821 1114 1885 ad
1128 1822 1263 1885 ltaliam.
1284 1822 1329 1885 ld.
1346 1822 1389 1884 ib.

223 1933 253 2005 1,
269 1929 298 1990 1.

259 2036 400 2098 Eandem
424 2040 616 2098 structuram
640 2055 704 2098 non
729 2036 826 2097 semel
841 2035 927 2115 apud
950 2035 1060 2097 Patres
1086 2035 1222 2098 Gallicos
1244 2036 1295 2099 vel
1313 2054 1391 2099 aevo

219 2142 435 2222 merovingico
449 2144 483 2204 in
504 2142 711 2223 scriptoribus
731 2142 916 2205 Latinorum
941 2143 1153 2205 imitatoribus
1176 2146 1314 2224 reperias
1333 2161 1341 2205 :
1360 2144 1393 2206 Si

218 2241 258 2305 ad
277 2242 402 2303 ltaliam
426 2245 581 2321 pergeret.
605 2240 692 2320 Sulp.
713 2240 853 2302 VSMart.
875 2241 925 2314 10,
948 2243 978 2302 8.
993 2275 1033 2286 -
1053 2243 1226 2322 Imperator
1245 2242 1391 2306 deereve-

217 2356 269 2412 rat
292 2349 437 2411 tribunos
453 2366 578 2432 summa
601 2351 756 2427 potestate
783 2353 922 2409 armatos
936 2346 976 2410 od
999 2349 1166 2428 Hispanias
1187 2351 1321 2413 mittere.
1343 2349 1389 2412 ld.

220 2456 296 2519 dial.
313 2457 343 2532 3,
360 2457 409 2531 11,
429 2459 458 2516 1.
475 2487 517 2504 -
531 2455 609 2517 Cum
622 2454 808 2517 1111111111
825 2456 905 2517 veni.
921 2456 967 2516 ld.
984 2455 1027 2516 11.
1045 2456 1135 2530 1,13,
1153 2458 1182 2517 5.
1203 2490 1242 2502 -
1260 2458 1391 2536 Regres-

218 2581 270 2625 sus
293 2561 334 2623 ad
356 2561 592 2635 Alexandriam,
619 2559 754 2623 visitatis
779 2560 823 2622 ibi
845 2561 1007 2637 fratribus,
1032 2560 1073 2623 od
1097 2564 1292 2641 superiorem
1318 2564 1390 2626 inde

218 2667 452 2731 Thebaidem...
481 2669 639 2732 contendi.
666 2670 712 2731 ld.
730 2669 774 2732 ib.
793 2669 822 2742 1,
847 2669 878 2743 9,
899 2670 929 2731 6.
954 2703 994 2713 -
1018 2668 1127 2730 Gothis
1151 2669 1191 2731 nd
1219 2671 1389 2750 Hispanias

219 2776 439 2856 migrantibus.
465 2776 580 2840 Chron.
601 2778 637 2838 A.
653 2796 684 2856 p.
702 2777 771 2850 618,
797 2776 831 2837 Β.
848 2811 886 2822 -
902 2775 1063 2838 Exercitus
1078 2775 1118 2838 ad
1132 2776 1300 2856 Hispanias
1315 2795 1389 2839 con·

217 2889 268 2945 tra
282 2883 440 2947 Vandalus
450 2882 564 2946 missus
579 2888 634 2946 est.
651 2884 696 2946 11.
715 2902 746 2963 p.
764 2884 834 2957 619,
851 2883 885 2946 Β.
898 2918 937 2928 -
948 2884 1104 2964 Profugus
1118 2884 1160 2945 ad
1173 2885 1285 2945 urbem
1294 2888 1389 2964 atque

218 2980 303 3044 illine
318 2982 358 3044 ad
372 2983 573 3045 Dalmatiam.
589 2983 636 3046 lb.
646 3001 678 3061 p.
690 2982 760 3057 630,
776 2985 811 3043 Ε.
824 3015 863 3027 -
873 2981 1044 3043 Confestim
1053 2980 1227 3044 odltaliam
1237 2982 1386 3045 directus.

217 3088 309 3170 Greg.
329 3090 403 3151 Tur.
423 3090 485 3152 HF.
502 3091 532 3163 1,
550 3091 580 3151 3.
596 3123 635 3134 -
649 3087 695 3151 Ad
709 3090 825 3152 Gallias
846 3090 991 3150 mittitur.
1011 3089 1056 3151 ld.
1083 3088 1127 3149 ib.
1151 3089 1180 3162 1,
1201 3091 1231 3152 9.
1251 3123 1290 3133 -
1315 3089 1390 3151 Pro

217 3194 379 3276 lectusque
399 3195 439 3257 ad
462 3202 569 3276 partes
596 3195 809 3277 Burgundiae.
829 3199 958 3258 Fortun.
982 3192 1103 3258 VSPat.
1131 3197 1180 3257 11.
1208 3196 1270 3259 Sed
1297 3214 1390 3260 cons·

219 3301 335 3366 tructio
350 3320 408 3365 nee
430 3303 463 3365 in
479 3303 688 3364 deterioribus
713 3291 931 3365 instrumentis
955 3320 1013 3364 111
1036 3307 1159 3363 resarta
1182 3303 1267 3382 apud
1289 3303 1390 3365 Ilaro-

217 3405 299 3471 linos
314 3408 471 3471 latinitate
486 3411 635 3482 occurrit,
651 3408 748 3471 immo
760 3428 917 3489 nusquam
932 3410 964 3470 in
978 3409 1092 3488 gallico
1103 3413 1213 3471 nostro
1230 3427 1386 3484 sermone,

217 3517 271 3596 qui
286 3533 411 3596 semper
426 3515 615 3595 particulam
627 3533 664 3578 11
679 3514 728 3597 (=
741 3515 786 3596 11)
798 3517 909 3577 iisdem
919 3518 1087 3595 regionum
1101 3515 1281 3577 nominibus
1297 3534 1389 3594 prae·

217 3623 333 3702 ponit:
359 3622 443 3684 und'e
463 3623 606 3684 concludi
629 3627 732 3703 potest
759 3624 872 3683 merito
893 3640 964 3684 eam
980 3623 1032 3684 vix
1048 3621 1080 3683 in
1102 3622 1267 3700 vulgarem
1291 3640 1384 3684 usum

217 3730 389 3810 irrepsisse.

254 3835 288 3918 b)
309 3837 342 3898 Si
355 3854 430 3898 vero
446 3836 484 3897 de
499 3837 626 3899 urbium
639 3837 831 3910 nominibus,
849 3836 992 3915 dissimili
1007 3854 1039 3897 11
1058 3837 1180 3898 1111111
1194 3854 1246 3898 111
1260 3835 1382 3900 habuit.

216 3943 355 4017 Quorum
371 3943 499 4024 quidem
513 3962 585 4005 cum
599 3945 685 4006 solus
698 3946 731 4005 in
746 3945 901 4006 latinitate
916 3944 1113 4006 accusativus
1128 3962 1218 4006 casus
1234 3946 1386 4007 accessio·

215 4069 288 4113 nem
316 4056 388 4132 post
416 4051 513 4113 verba
537 4051 683 4113 movendi
718 4051 903 4132 plerumque
934 4052 1096 4125 indicaret,
1127 4050 1213 4131 apud
1248 4052 1384 4131 optimos

214 4162 360 4220 auctores
372 4157 562 4238 aliquotiens
575 4163 682 4220 tamen
693 4159 957 4239 praepositionem
967 4157 1007 4221 ad
1017 4159 1159 4221 invenias
1173 4159 1284 4221 iisdem
1296 4157 1384 4219 haud

214 4264 366 4344 ambigua
390 4264 622 4345 constructione
646 4267 880 4328 cohaerentem.
896 4265 977 4338 Quid
1001 4267 1028 4326 si
1046 4266 1234 4328 senescentis
1257 4264 1384 4345 linguae

214 4376 421 4435 monumenta
436 4377 467 4434 et
486 4373 595 4434 Patres
618 4372 845 4435 ecclesiasticos
863 4371 1032 4451 adtigerist
1046 4372 1128 4435 Satis
1145 4373 1186 4432 sit
1205 4388 1308 4451 pauca
1329 4369 1384 4431 hic

213 4480 434 4559 proposuisse:
450 4479 483 4542 Si
497 4479 537 4541 ad
552 4479 662 4542 Sidam
677 4479 887 4557 navigassem.
904 4479 967 4541 Cic.
983 4479 1025 4540 ad
1036 4478 1113 4540 lam.
1126 4480 1156 4555 3,
1167 4479 1197 4554 6,
1210 4479 1240 4538 1.
1253 4478 1382 4541 -Cum
