3084 5067
526 1104 702 1220 elas
746 1105 961 1198 aaron

221 1343 520 1413 PROXIMITAS
551 1346 642 1415 PER
672 1345 1010 1416 decessionem
1043 1347 1271 1417 NO'I'ATVR

611 1571 877 1581 ——n—

655 1876 784 1938 GAPVT
799 1877 822 1936 Ι,

320 2051 359 2094 DE
372 2050 607 2096 PRAEPOSITIONE
624 2048 670 2098 AD
682 2052 783 2097 Locum
797 2052 855 2096 cvtt
869 2052 1002 2097 novrum
1017 2052 1157 2098 nortona.

198 2251 244 2309 Ex
263 2249 399 2327 praeviis
418 2249 689 2312 observationibus
712 2252 853 2330 sequitur
876 2269 1002 2312 sensum
1026 2251 1267 2329 praepositionis
1285 2247 1325 2313 ad

158 2357 367 2416 accessionem
391 2355 524 2416 localem
548 2358 700 2434 signantis
715 2358 811 2419 veluti
826 2358 965 2436 primum
978 2375 1015 2418 ac
1030 2358 1202 2434 genuinum
1217 2360 1323 2418 statim

157 2461 209 2522 hic
224 2480 289 2522 esse
305 2454 527 2525 exhibendum.
542 2464 595 2525 Vis
609 2469 716 2525 autem
734 2465 790 2525 illa
804 2455 1018 2525 translationis
1032 2482 1048 2524 e
1063 2464 1133 2525 loco
1154 2465 1194 2524 ad
1217 2467 1324 2525 termi-

157 2586 246 2641 num,
262 2570 407 2649 quamvis
429 2588 485 2648 per
506 2588 538 2631 se
560 2572 600 2630 sit
621 2573 770 2649 apertior,
787 2590 824 2632 eo
843 2572 957 2631 maiori
976 2588 1051 2632 cura
1068 2571 1324 2632 intercidentibus

156 2673 409 2736 distinctionibus
423 2677 632 2737 examinanda
647 2682 704 2750 est,
718 2678 803 2756 quod
817 2679 881 2738 iam
897 2679 983 2758 apud
998 2677 1124 2737 Latinos
1140 2681 1170 2737 et
1184 2694 1324 2754 praeser-

157 2780 215 2838 tim
230 2779 262 2839 in
277 2780 387 2841 infima
401 2781 556 2843 latinitate
572 2801 588 2844 e
608 2786 736 2845 notione
761 2785 931 2846 accedendi
953 2789 1094 2845 transeas
1108 2784 1149 2844 ad
1163 2784 1323 2844 notionem

157 2885 378 2948 adtributionis
401 2889 521 2962 localis,
543 2889 576 2950 id
600 2893 733 2952 ostiam
759 2892 918 2971 particula
933 2910 1005 2953 eum
1025 2889 1131 2951 dativo
1153 2907 1227 2953 casu
1246 2906 1321 2951 con-

156 2998 273 3055 currat.

729 3212 753 3272 Ι.

194 3370 225 3450 a)
239 3369 330 3448 Apud
351 3371 557 3432 Latinosluit
577 3374 826 3451 omnitempore
851 3372 997 3433 usitatius
1020 3371 1258 3432 translationem
1282 3371 1323 3431 ad

155 3477 260 3538 locum
274 3477 324 3538 vel
338 3478 379 3538 ad
394 3477 532 3557 aliquem
546 3480 670 3556 signare
686 3479 916 3558 praepositione
927 3478 977 3552 ad,
990 3495 1083 3557 saepe
1098 3478 1195 3538 etiam
1211 3479 1323 3538 iterata

154 3588 227 3663 post
240 3583 338 3644 verba
352 3584 466 3662 quibus
480 3587 560 3656 inest
573 3586 729 3665 particula
743 3584 914 3664 loquelaris
932 3585 1030 3646 veluti
1048 3584 1145 3664 adire,
1166 3583 1320 3663 advenire,

153 3690 297 3753 accedere
319 3694 350 3751 et
364 3692 427 3752 alia
441 3692 669 3756 huiuscemodi.
686 3692 923 3771 Supervacuum
938 3694 1003 3753 sine
1020 3691 1115 3752 dubio
1137 3695 1216 3751 esset
1230 3709 1323 3751 usum

147 3786 356 3859 'notissimum
372 3799 480 3860 multis
494 3800 648 3879 exemplis
661 3799 713 3861 hic
727 3799 884 3860 illustrare
900 3818 907 3859 :
925 3799 1037 3871 Nolite,
1049 3798 1199 3877 hospitae,
1217 3796 1256 3859 ud
1271 3815 1321 3857 me

155 3905 254 3964 adire.
270 3906 349 3967 Eun.
364 3909 447 3983 trag.
464 3908 535 3968 tot.
552 3941 591 3951 -
612 3909 655 3968 Eo
678 3905 717 3968 ad
739 3906 854 3967 iorum.
882 3906 984 3966 Plaut.
1012 3907 1096 3966 Asin.
1123 3906 1191 3966 108.
1216 3935 1256 3951 -
1276 3902 1323 3964 Aa

154 4029 262 4072 senam
287 4031 414 4076 cursum
437 4031 611 4093 capessam.
631 4015 678 4077 ld.
699 4015 788 4093 Gapt.
816 4015 884 4074 776.
910 4048 949 4058 -
974 4013 1074 4085 Quom
1099 4012 1257 4091 extemplo
1281 4011 1321 4072 aa

153 4118 259 4180 iorum
273 4120 441 4182 advenero.
458 4121 503 4181 ld.
519 4121 563 4184 ib.
582 4122 650 4183 786.
667 4156 706 4166 -
721 4122 799 4181 (lum
814 4125 940 4182 sanatus
953 4120 993 4181 ad
1008 4121 1173 4181 Gaesarem
1188 4117 1321 4197 supplex

153 4227 327 4288 accederet.
345 4226 406 4289 Cic.
424 4229 465 4288 ad
479 4228 554 4288 fam.
571 4230 601 4300 l,
621 4231 651 4290 4.
668 4263 708 4271 -
722 4229 886 4289 Mittuntur
908 4228 947 4289 ad
971 4246 1024 4288 eas
1047 4228 1187 4289 civitates
1210 4224 1317 4303 legati.

153 4334 242 4395 Gaea.
259 4334 318 4397 BG.
335 4336 365 4408 3,
381 4335 431 4394 23.
448 4368 488 4381 -
503 4336 621 4396 Tunica
636 4336 751 4396 decidit
764 4334 804 4396 ad
818 4336 924 4414 pedes.
941 4336 1026 4396 Suet.
1045 4335 1123 4413 Aug,
1140 4336 1190 4395 at.
1207 4332 1319 4393 Obser-

152 4457 264 4502 vemus
278 4445 403 4503 tantum
416 4442 503 4520 apud
517 4446 662 4504 auctores
675 4444 730 4520 qui
745 4442 892 4504 dicuntur
907 4442 1039 4516 classici,
1051 4440 1220 4521 praecipue
1234 4440 1320 4520 apud
