3084 5067
603 1132 727 1195 GAPVT
749 1133 799 1194 111.

256 1311 296 1356 DE
312 1307 548 1357 entmosmiortu
563 1305 610 1356 AB
628 1307 817 1355 RELATIONEH
837 1307 966 1355 emmau
983 1309 1141 1357 SIGNAME.

154 1536 188 1597 Si
203 1534 244 1596 ad
259 1535 428 1615 genuinam
441 1529 615 1615 particulae
633 1533 673 1596 ud
686 1534 752 1595 vim
766 1539 898 1615 spectes,
919 1553 985 1598 nou
998 1536 1114 1597 mirum
1128 1534 1285 1597 videbitur

113 1642 197 1705 hanc
211 1637 298 1704 finali
314 1640 594 1723 circumscriptioni
607 1642 777 1704 inservire:
794 1660 905 1704 sensus
919 1646 992 1703 sunt
1004 1643 1151 1722 proximi.
1168 1643 1287 1723 Nempe
1309 1655 1321 1668 ”

114 1748 187 1811 finis
209 1748 255 1809 rei
277 1753 382 1828 potest
401 1746 636 1810 terminus'diei
653 1749 694 1810 ad
719 1766 813 1828 quem
837 1766 889 1810 res
910 1748 965 1825 illa
978 1749 1088 1811 tendit.
1110 1748 1206 1809 Nobis
1220 1747 1286 1810 huc

113 1873 215 1934 usque
230 1860 335 1916 motus
349 1856 487 1918 occurrit
500 1854 597 1916 veluti
610 1855 748 1918 accessio
763 1872 780 1916 e
794 1854 865 1932 loco
881 1855 921 1917 ad
940 1854 1050 1931 alium,
1072 1851 1137 1916 sive
1151 1854 1183 1915 id
1197 1854 1288 1916 fieret

114 1980 172 2042 per
186 1957 425 2023 translationem
433 1963 565 2037 rectam,
577 1962 641 2021 sive
651 1978 707 2040 per
717 1959 961 2023 adtributionem
972 1961 1018 2022 rei
1031 1962 1073 2022 ad
1088 1960 1194 2023 aliam.
1212 1959 1287 2022 Dico

114 2072 221 2128 autem
229 2063 366 2129 vicinam
376 2067 451 2129 huic
462 2068 537 2129 addi
546 2069 716 2143 notionem,
729 2065 875 2146 quotiens
886 2066 935 2129 cui
950 2068 1120 2130 accesseris
1134 2072 1286 2148 punctum

113 2175 160 2235 ita
175 2175 270 2237 finale
285 2175 325 2236 sit
339 2179 373 2236 ut
385 2176 419 2236 in
434 2192 467 2236 se
488 2175 636 2236 movendi
661 2192 789 2237 causam
813 2175 983 2237 contineat.
999 2174 1073 2235 Inde
1099 2175 1239 2253 sequitur
1253 2176 1288 2233 ut

113 2281 256 2361 legitima
280 2302 355 2343 usus
378 2283 602 2362 prorogatione
616 2281 785 2345 intercidat
799 2282 913 2362 copula
926 2281 966 2343 ud
980 2283 1061 2342 inter
1075 2280 1208 2342 verbum
1223 2299 1286 2359 quo

114 2394 220 2451 motus
234 2393 361 2452 notatur
384 2393 415 2450 et
432 2368 569 2450 uerbum
583 2390 668 2468 quod
683 2388 830 2451 movendi
845 2390 1015 2450 terminum
1031 2388 1125 2450 simul
1139 2406 1176 2449 ac
1190 2387 1286 2472 tinem

113 2496 273 2575 designat.

154 2604 233 2664 Gum
246 2620 323 2665 vero
336 2604 528 2685 praepositio
538 2605 621 2683 apud
631 2605 759 2666 Latinos
772 2603 837 2664 vim
851 2603 978 2664 finalem
989 2608 1056 2664 tum
1069 2620 1170 2682 perse
1184 2601 1286 2664 solam

113 2708 271 2784 habuerit,
287 2715 354 2771 tum
373 2713 559 2790 praesertim
583 2707 750 2773 accedente
765 2710 919 2788 gerundio
940 2709 990 2770 vel
1005 2709 1197 2787 gerundiv03
1214 2726 1286 2771 cum

113 2832 152 2875 ex
164 2815 265 2878 altera
278 2821 366 2897 parte
380 2816 463 2878 hanc
478 2816 738 2896 significationem
754 2822 785 2878 et
799 2815 964 2878 retinuerit
978 2815 1089 2876 intima
1102 2815 1240 2877 latinitas
1255 2820 1287 2876 et

112 2924 153 2987 ad
167 2942 269 2986 novos
283 2944 358 2985 usus
372 2943 477 2987 sermo
500 2924 640 3003 vulgaris
665 2926 855 3003 eosdemque
879 2923 1081 3002 dignissimos
1096 2923 1150 3003 qui
1168 2923 1287 2985 bonam

111 3032 145 3092 in
158 3031 263 3092 lucem
277 3036 436 3111 ponantur
450 3029 635 3107 extenderit,
651 3050 715 3092 non
728 3026 817 3093 locus
831 3030 884 3091 ille
908 3029 1076 3092 incohatae
1090 3033 1286 3092 commenta·

112 3136 208 3200 tionis
219 3136 280 3200 nisi
292 3135 544 3202 distinctionibus
559 3142 591 3199 et
604 3138 722 3200 crebris
737 3137 889 3217 exemplis
902 3135 1024 3197 absolvi
1035 3136 1143 3216 possit.

696 3378 720 3437 1.

150 3540 182 3620 a)
197 3539 304 3601 Dicam
318 3539 462 3618 inprimis
477 3540 516 3599 de
527 3538 681 3618 particula
695 3538 781 3599 finali
799 3537 824 3598 si
840 3537 1070 3599 substantivum
1084 3553 1201 3599 nomeu
1213 3542 1283 3599 tan-

112 3652 179 3707 tum
198 3646 393 3725 insequatur.
419 3646 490 3706 Fuit
512 3644 597 3706 enim
621 3645 705 3725 apud
728 3649 874 3706 auctores
890 3645 1018 3706 Latinos
1042 3643 1283 3706 florentissimae

110 3752 237 3831 linguae
250 3756 392 3832 tempore
407 3752 556 3813 usitatum
571 3753 635 3813 sive
650 3757 720 3831 post
735 3751 894 3828 movendi,
917 3751 982 3812 sive
997 3757 1070 3830 post
1087 3750 1149 3812 alia
1163 3752 1284 3831 quaeli-

111 3853 164 3914 bet
176 3852 285 3928 verba,
301 3858 411 3914 notare
425 3853 659 3931 praepositione
674 3852 714 3913 ud
728 3852 776 3913 rei
794 3852 964 3914 terminum
978 3852 1011 3913 in
1025 3872 1088 3933 quo
1104 3855 1282 3915 continetur

110 3958 215 4019 finalis
233 3960 342 4021 notio:
363 3959 463 4037 Atque
487 3957 526 4021 ud
549 3959 728 4038 volnpatem
750 3960 867 4022 omnia.
891 3960 968 4020 Enu.
993 3965 1076 4039 trag.
1096 3960 1166 4021 ste.
1183 3987 1225 4007 ι·-
1237 3957 1284 4022 At

110 4065 194 4126 hanc
208 4069 238 4126 te
254 4064 424 4126 amentiam
438 4069 551 4126 natura
565 4067 694 4145 peperit,
711 4065 857 4128 voluntas
873 4068 1022 4142 exercuit,
1038 4066 1163 4127 fortuna
1178 4085 1283 4129 serva-

110 4173 165 4232 vit.
182 4173 246 4233 Cic.
262 4172 351 4233 Gatil.
369 4172 397 4247 i,
414 4172 463 4232 to.
479 4203 519 4217 -
530 4171 649 4244 Quibus
660 4171 700 4233 ud
710 4191 850 4252 pugnam
864 4191 928 4234 non
940 4172 1075 4234 multum
1091 4173 1281 4235 confidebat.

113 4278 200 4340 Gaes.
216 4277 276 4339 BG.
300 4279 330 4354 3,
344 4278 393 4338 25.
410 4308 451 4324 -
464 4279 507 4339 Ne
528 4279 690 4340 nocturnis
712 4278 840 4358 quidem
859 4279 1054 4359 temporibus
1080 4277 1120 4340 ud
1142 4278 1285 4341 laborem

113 4385 249 4447 militum
263 4386 460 4459 intermissis.
476 4385 522 4447 Id.
537 4385 579 4448 th.
596 4386 625 4461 5,
643 4386 692 4448 ll.
710 4424 744 4438 -
758 4386 912 4466 Corrupto
927 4386 967 4448 ud
981 4403 1074 4448 omne
1086 4383 1206 4447 fucinus
1225 4387 1284 4448 Ne·

114 4510 202 4553 rone.
220 4491 292 4554 Tac.
309 4491 383 4553 hist.
401 4492 430 4567 i,
448 4492 496 4552 ii.
512 4519 553 4560 ψ-
566 4489 613 4553 Ad
628 4492 815 4554 destinatam
831 4491 989 4582 iraudipm
1003 4490 1149 4571 pedicam
1163 4501 1283 4555 sermo-
