3084 5067
759 333 917 399 ..18-

254 497 287 558 in
313 497 540 576 compositione
555 502 696 560 veterum
710 499 875 558 nominum
884 497 1120 559 hibernicarum
1136 495 1190 578 (l).
1203 495 1264 559 Sed
1286 495 1421 574 vestigia

253 608 421 685 supersunt
428 605 648 666 tantummodo
658 603 844 683 antiquioris
854 605 1017 679 sermonis,
1032 609 1063 665 et
1072 602 1238 665 fatentibus
1252 603 1421 683 philologis

253 731 351 793 prope
378 712 525 775 omnibus
540 713 817 792 impeditissimum
844 714 903 773 erit
921 730 958 775 ac
969 730 1095 792 prorsus
1115 713 1275 792 opinabile
1300 712 1325 772 si
1351 711 1421 792 quis

252 820 424 899 perdiderit
434 837 563 899 operam
578 820 619 880 ad
630 819 803 880 finiendum
819 838 880 899 quo
895 824 1056 881 momento
1074 819 1185 880 celtica
1200 819 1420 898 linguonense

251 925 417 988 latinitatis
430 928 663 1005 merovingicae
677 928 800 1007 syntaxi
815 927 1010 988 ordinandae
1025 927 1185 1006 profuerit.

291 1034 411 1096 Idcirco
425 1051 494 1096 rem
517 1034 621 1112 ipsam
635 1038 776 1096 actutum
788 1033 984 1116 adgrediar:
1011 1033 1129 1095 scilicet
1153 1033 1319 1106 distinctis,
1337 1038 1371 1093 ut
1385 1033 1419 1094 iu

250 1143 414 1223 prooemio
428 1159 524 1221 supra
538 1142 616 1214 dixi,
632 1143 727 1203 variis
744 1142 861 1202 latinae
876 1141 1118 1221 praepositionis
1138 1139 1178 1202 ed
1192 1140 1298 1201 usibus
1312 1140 1417 1219 inqui-

250 1265 321 1310 ram
335 1254 488 1328 quatenus
498 1249 547 1311 vel
562 1247 720 1310 adservati
734 1250 798 1309 sint
811 1250 861 1310 vel
875 1249 1076 1328 disperierint
1090 1247 1174 1326 apud
1188 1248 1419 1326 llerovingicos

251 1357 419 1437 scriptores
438 1357 534 1418 iidem
548 1375 634 1432 usus,
651 1357 809 1436 inquiram
825 1356 921 1417 etiam
935 1354 989 1435 qui
1003 1356 1077 1416 novi
1092 1353 1246 1434 paulatim
1260 1355 1294 1414 in
1309 1353 1418 1433 vulga·

250 1471 318 1517 rom
333 1455 503 1535 praecipue
524 1470 702 1516 sermonem
725 1452 910 1534 irrepserint
927 1472 964 1516 ac
979 1459 1099 1516 eeteros
1113 1452 1158 1514 ita
1182 1452 1420 1515 deturbaverint

249 1565 285 1621 ut
309 1562 392 1623 inter
405 1561 574 1625 latinitatis
597 1559 707 1622 ruinas
726 1561 891 1638 detegatur
905 1578 1005 1622 novae
1028 1559 1162 1638 gallicae
1180 1559 1307 1638 linguae
1322 1576 1418 1638 eoag-

249 1666 403 1730 mentatio
412 1668 581 1748 quaedam.
592 1667 681 1741 Quod
690 1667 819 1748 quidem
829 1665 983 1746 exemplis
994 1684 1091 1745 quam
1109 1665 1255 1747 plurimis
1265 1670 1295 1727 et
1305 1666 1416 1727 ordine

248 1773 379 1855 digestis
393 1779 435 1838 ex‘
444 1777 534 1837 varia
548 1778 688 1838 aetatum
704 1776 784 1836 serie
801 1773 938 1853 probare
952 1773 1032 1833 mihi
1047 1773 1238 1835 destinatum
1254 1776 1311 1833 est.

287 1882 365 1943 Cum
380 1887 486 1943 autem
500 1882 585 1961 apud
595 1882 723 1943 Latinos
733 1882 928 1961 praepositio
944 1881 984 1943 ad
998 1880 1042 1962 (1)
1058 1885 1206 1959 quattuor
1224 1878 1309 1942 vices
1326 1893 1417 1959 prae·

276 2067 404 2132 (1)1)11111
413 2068 549 2133 particulis
560 2068 598 2120 ita
609 2070 687 2120 Zanes
698 2084 705 2119 t
721 2088 733 2114 «
744 2069 841 2120 Extam
850 2068 996 2134 particulae
1003 2068 1030 2118 in
1039 2067 1188 2118 nominihus
1199 2066 1350 2131 compositis
1361 2065 1418 2132 gal·

245 2156 300 2207 licis
313 2157 431 2219 vetustis,
447 2170 514 2221 quae
527 2158 599 2209 haud
613 2158 690 2209 dubie
704 2164 843 2222 separatae
853 2158 1077 2222 praepositionum
1088 2157 1143 2207 vice
1153 2155 1339 2222 fungebantur.
1352 2156 1419 2205 Par·

244 2245 339 2297 ticulas
358 2259 424 2309 esse,
437 2259 491 2297 nou
504 2247 621 2309 nomina,
643 2259 674 2297 ex
688 2247 739 2298 hoc
753 2247 810 2311 ipso
825 2252 905 2311 patet,
922 2247 992 2311 quod
1006 2252 1053 2297 aut
1072 2259 1125 2297 uon
1144 2244 1280 2297 intercedit
1293 2250 1353 2320 post
1370 2257 1415 2295 eas

246 2334 353 2397 vocalis,
373 2340 405 2385 ut
417 2340 477 2398 post
489 2335 527 2387 ad
540 2361 561 2395 ·,
576 2336 606 2386 io
615 2362 636 2395 -,
653 2349 702 2386 coo
715 2362 736 2398 -,
752 2350 807 2386 com
822 2362 843 2395 ·,
856 2341 904 2387 aut
914 2336 1079 2386 intercedunt
1101 2348 1232 2399 1111111
1247 2333 1415 2385 inveniuntur

245 2424 273 2473 11
287 2423 474 2488 compositione
483 2425 620 2475 nominum
632 2439 650 2476 a
663 2431 689 2476 et
699 2439 722 2484 e,
736 2430 767 2475 ut
779 2425 806 2474 in
819 2427 864 2475 ate
874 2452 894 2484 ·,
909 2427 971 2475 cata
982 2452 1003 2487 -‚
1018 2423 1088 2476 ande
1099 2451 1110 2461 -
1118 2439 1128 2482 ;
1142 2424 1168 2474 in
1181 2424 1191 2473 i
1206 2424 1327 2474 desinunt
1344 2422 1416 2473 solae

246 2510 275 2562 di
285 2539 304 2574 ·‚
316 2512 352 2563 tri
363 2540 384 2573 ·,
396 2512 468 2565 ambi
481 2540 502 2564 -.
516 2514 553 2563 Ex
565 2514 606 2565 his
619 2514 750 2578 quaedam
768 2514 851 2565 videri
867 2519 991 2578 poterunt
1005 2514 1203 2577 inseparabiles,
1218 2519 1248 2563 ut
1257 2510 1296 2562 ad
1305 2539 1325 2572 ·,
1338 2514 1382 2561 cte
1395 2538 1414 2570 -‚

248 2600 343 2661 ande·,
359 2601 422 2666 quia
435 2602 503 2654 nain
517 2602 652 2653 hibernica
662 2603 766 2668 quidem
778 2603 869 2668 lingua
882 2608 986 2653 vetusta
999 2608 1060 2653 sunt
1068 2609 1207 2667 separatae
1215 2601 1260 2661 ad,
1270 2599 1339 2659 aitis,
1349 2598 1398 2651 iad
1404 2614 1415 2657 ,·

247 2694 366 2742 attamen
380 2691 460 2742 etiarn
475 2691 525 2742 lias
536 2691 663 2756 principio
677 2692 791 2743 extitisse
806 2697 943 2756 separatas
957 2692 1083 2742 docemur
1101 2697 1157 2742 tam
1174 2690 1275 2741 aamhr.
1289 2691 1320 2739 ct
1334 2701 1415 2753 quarn

244 2776 358 2828 aliarum
366 2778 517 2844 linguarum
528 2778 648 2831 affinium
656 2780 901 2845 praepositionibus,
918 2781 964 2832 lat.
979 2780 1025 2841 ed,
1037 2792 1120 2847 germ.
1137 2782 1176 2839 at,
1188 2779 1252 2838 aad,
1265 2760 1383 2845 μᾶντί.
1398 2785 1414 2818 n

246 2863 437 2930 (Grammatico
453 2867 561 2928 Celtica,
576 2869 591 2918 1
605 2870 646 2920 ed.
659 2869 731 2932 Ehel,
741 2882 768 2933 p.
781 2870 845 2934 865.)

276 2954 310 3020 (1)
323 2954 399 3015 Quod
407 2969 470 3008 vero
482 2957 516 3008 ad
529 2957 748 3023 orthographiam
761 2958 960 3023 praepositionis
970 2964 1079 3023 spectat,
1095 2960 1127 3010 de
1138 2960 1168 3008 at
1178 2971 1227 3023 pro
1240 2957 1277 3008 ad
1288 2957 1321 3009 ci.
1338 2956 1416 3017 Quiu-

246 3043 283 3095 til.
309 3043 332 3106 1,
346 3046 370 3106 1,
385 3047 410 3097 t.
433 3044 470 3097 Gi.
486 3047 566 3098 etiam
580 3047 624 3098 Fr.
638 3048 709 3099 Neue
731 3046 919 3110 (Fomncoleltre
933 3047 980 3098 der
991 3045 1173 3098 lateinisches
1188 3045 1311 3112 spretae,
1327 3049 1341 3096 3
1360 3047 1414 3098 vol.

245 3132 339 3194 Berlin,
353 3133 422 3195 1815,
432 3139 453 3186 t.
467 3134 498 3196 11,
511 3148 537 3199 p.
549 3133 596 3186 161
608 3136 684 3200 sqq),
696 3136 739 3200 qui
747 3137 958 3200 exenrplamulte
968 3149 1000 3187 ex
1009 3136 1223 3200 inscriptionibus
1236 3136 1323 3187 latinis
1335 3136 1416 3186 ducta

245 3220 356 3285 protulit
369 3221 439 3286 (cll.
458 3223 570 3287 1,1151;
591 3226 701 3287 1,1611;
717 3227 739 3286 3,
753 3226 807 3287 616,
828 3226 883 3287 586,
902 3231 950 3277 etc.
965 3225 1026 3290 etc.)
1040 3225 1159 3276 —Cuius
1179 3225 1217 3276 rei
1231 3225 1416 3275 numerosiora

247 3309 390 3373 specimina
404 3323 419 3362 e
432 3312 608 3363 monumentis
622 3313 805 3378 merovingicis
825 3328 884 3364 cum
897 3314 1050 3379 depromere
1058 3314 1165 3380 possim,
1178 3314 1244 3365 haec
1259 3313 1415 3377 supersedeo

245 3398 385 3462 propositis
405 3399 563 3463 quibusdam
575 3406 680 3452 lantum
694 3402 765 3462 locis,
781 3404 807 3452 in
832 3403 925 3468 quibus
947 3405 1105 3468 praepositio
1127 3418 1145 3454 a
1161 3416 1209 3468 pro
1228 3401 1265 3454 ad
1278 3400 1416 3453 dualemd

244 3487 360 3539 litteram
377 3488 430 3540 iam
444 3490 532 3540 amisit
545 3495 572 3540 et
584 3489 700 3542 formam
725 3493 890 3544 romanicam
904 3492 988 3544 induit
1002 3509 1008 3543 ε
1028 3493 1123 3544 Sedere
1136 3507 1154 3543 a
1169 3494 1303 3544 dexteram
1317 3483 1413 3541 Patris.

245 3577 320 3643 Greg.
334 3578 395 3629 Tur.
410 3579 462 3630 ΗΕ.
478 3581 501 3639 1,
514 3578 580 3644 prol.
593 3606 624 3617 -
634 3580 656 3629 A
671 3593 746 3631 mare
761 3594 850 3644 usque.
864 3582 901 3632 11.
914 3582 947 3633 ib.
958 3584 981 3644 1,
991 3584 1066 3634 19.-
1076 3584 1218 3647 Regressus
1228 3587 1267 3632 est
1274 3582 1416 3645 unnsquis-

245 3678 296 3729 que
309 3668 470 3717 celsitatem
485 3681 569 3718 suam.
586 3668 623 3719 11.
639 3669 673 3719 ib.
688 3670 710 3730 9,
727 3669 764 3730 11,
780 3671 799 3719 B
811 3670 834 3719 1.
848 3671 912 3720 -A
931 3671 1006 3736 plene
1022 3670 1333 3733 11111111.11.11),1,16.
1349 3671 1413 3720 -A

244 3767 308 3805 casa
318 3755 386 3806 illius
401 3756 546 3822 ambulent.
556 3758 637 3822 Capit.
653 3759 689 3808 M.
703 3760 727 3817 l,
737 3771 762 3809 a.
779 3758 876 3819 561-81,
889 3773 914 3823 p.
933 3760 1003 3820 9,11.
1013 3760 1095 3809 -Sin
1109 3766 1197 3811 autern
1208 3760 1324 3811 manitus
1334 3758 1415 3810 luerit

246 3844 281 3895 ad
289 3845 403 3896 secundo
414 3845 504 3907 mallo,
513 3852 560 3896 aut
568 3860 585 3897 a
594 3847 681 3908 tertio,
697 3860 742 3897 seu
750 3846 785 3898 ad
794 3853 898 3911 quarto.
910 3849 986 3900 LRib.
1000 3851 1038 3910 31,
1047 3852 1070 3899 1.
1083 3876 1113 3886 -
1122 3850 1144 3898 A
1152 3849 1258 3900 domino
1266 3850 1330 3909 eius,
1339 3850 1415 3900 auius

247 3934 428 3997 quadrupedes
444 3940 484 3985 est
504 3933 664 3996 interiectus.
677 3935 762 3999 ipsum
783 3935 977 4000 quadrupedem
995 3938 1103 3988 tribuat.
1115 3938 1154 3988 lh.
1175 3938 1214 3999 16,
1230 3940 1296 3988 1.-
1307 3937 1381 3998 Quod
1395 3951 1415 3989 a

247 4022 320 4074 vobis
334 4023 460 4089 delegahi.
473 4024 641 4077 1111111111.
655 4027 696 4086 11,
711 4038 736 4089 p.
754 4027 791 4087 19,
809 4026 833 4077 3.
850 4026 912 4075 -A
924 4027 1032 4077 Domino
1053 4027 1215 4092 migraverit.
1228 4028 1317 4079 Form.
1329 4028 1412 4078 Maro.

246 4112 302 4172 1,1,
317 4125 342 4176 p.
358 4113 397 4173 ³9,
412 4113 450 4163 11.
463 4139 494 4150 -
510 4113 533 4162 A
551 4125 603 4177 quo
612 4113 709 4178 placito
720 4114 836 4165 veniens.
849 4115 886 4166 lh.
904 4116 925 4176 1,
940 4116 978 4175 31,
994 4129 1019 4180 p.
1040 4116 1079 4176 61,
1093 4116 1271 4168 6.-1111111
1283 4117 1414 4181 Arlovnus

243 4213 349 4250 esuum
358 4200 494 4263 placitum.
514 4202 621 4267 HLang.
633 4203 656 4264 6,
673 4215 699 4254 a.
711 4204 765 4264 111,
779 4217 804 4268 p.
818 4203 899 4253 19.-
922 4203 984 4263 Quis
995 4204 1022 4254 in
1034 4204 1116 4255 altom
1130 4205 1308 4256 axsenderita
1323 4205 1411 4256 sidira.
1477 4241 1479 4244 -
1535 4185 1536 4250 Ῐ

247 4289 300 4340 111.
316 4289 385 4340 lion.
401 4290 438 4340 38.
460 4316 491 4327 -
505 4289 701 4353 (1111111111ὼί,
720 4292 838 4354 Domine,
851 4298 878 4342 et
896 4293 1057 4357 angelistuis
1076 4299 1102 4343 et
1115 4294 1213 4344 sanctis
1227 4294 1277 4344 tuis
1289 4300 1315 4344 et
1331 4308 1349 4344 a
1360 4294 1413 4344 hnc

246 4378 284 4441 (=
298 4377 378 4442 hunc)
387 4379 522 4430 sacerdote
533 4386 629 4445 pecata
642 4393 711 4443 mea,
736 4379 822 4444 qualis
838 4381 873 4431 ab
887 4380 1001 4433 11111111
1017 4395 1077 4435 mea
1093 4381 1143 4434 leci
1155 4395 1239 4447 usque
1255 4383 1321 4434 odie.
1338 4382 1411 4434 aaa

245 4471 264 4517 t.
278 4466 330 4530 Vll,
345 4480 371 4531 p.
386 4467 425 4519 16.
443 4468 500 4521 Etc.
511 4476 562 4522 etc.
