3084 5067
724 287 903 349 ..104-

232 456 295 517 vim
309 456 444 517 localem
458 451 647 527 adtenderis,
665 470 727 514 non
744 456 774 513 te
802 451 889 513 fallet
903 453 985 515 hanc
999 468 1038 512 eo
1049 469 1143 514 sensu
1157 453 1224 515 iam
1241 452 1401 514 interdum

228 563 312 644 apud
325 566 482 624 Romanos
495 561 600 623 verbis
614 562 659 622 ita
670 560 802 640 passivis
820 560 960 639 *adiungi
977 563 1012 621 ut
1025 560 1142 621 iactam
1156 560 1317 640 abaliquo
1331 579 1401 622 rem

226 689 324 752 prope
339 669 488 732 declaret.
501 670 681 747 Proponam
695 667 774 729 haec
789 668 953 746 exempla:
971 668 1054 729 Haec
1066 667 1147 747 opned
1175 666 1311 730 maiores
1326 687 1402 732 nos·

227 784 294 839 tros
304 776 455 838 factitata.
473 777 536 838 Gic.
552 774 655 837 deod.
671 775 702 848 2,
717 776 766 835 21.
785 809 822 818 -
834 775 1010 854 Tantopere
1038 774 1119 855 apud
1145 774 1401 837 nostrosiustitia

226 884 311 947 culte
326 889 383 945 est.
414 884 461 950 Id.
477 883 521 947 ib.
539 884 567 959 1,
591 884 640 946 11.
658 880 797 961 -Apud
817 881 988 943 Germanos
1009 882 1165 944 difficilius
1190 882 1397 943 tolerabatur.

229 992 301 1055 Tac.
314 1010 389 1054 anu.
405 993 436 1064 t,
451 992 501 1055 tt.
516 1023 557 1036 -
569 987 657 1070 Apud
671 990 826 1069 quosdam
841 989 1019 1051 acerbiorin
1034 988 1183 1051 conviciis
1197 991 1398 1053 narrabatur.

224 1099 272 1163 ld.
287 1094 393 1177 Agris.
403 1099 453 1158 11.

265 1205 433 1269 Simillima
450 1204 573 1267 ratione
590 1203 727 1285 positam
744 1204 777 1265 in
791 1206 991 1266 documentis
1004 1206 1073 1266 aevi
1087 1206 1292 1286 merovingici
1305 1227 1397 1289 prae·

225 1311 417 1394 positionem
431 1330 494 1373 non
521 1309 620 1374 semel
641 1312 808 1380 invenias:
826 1310 978 1391 Quicquid
1002 1311 1115 1374 exinde
1139 1331 1211 1375 cum
1229 1332 1266 1376 eo
1277 1316 1316 1376 de
1329 1317 1399 1397 ipsa

225 1436 321 1481 causa
335 1419 436 1497 egeris
450 1419 632 1497 gesserisve,
643 1422 748 1478 ratum
762 1422 794 1478 et
807 1417 970 1480 definitum
979 1417 1059 1498 apud
1072 1436 1123 1480 mc
1135 1437 1204 1481 esse
1213 1439 1397 1499 cognosces.

225 1528 332 1588 Form.
350 1527 444 1588 Mare.
461 1528 491 1598 1,
517 1526 567 1600 31,
593 1543 625 1604 p.
651 1526 701 1602 95,
717 1526 746 1588 5.
759 1526 970 1589 -Premium
990 1544 1029 1587 ex
1042 1526 1103 1590 hoc
1125 1527 1205 1608 apttd
1228 1529 1397 1591 Dominum

224 1633 255 1714 (a
268 1631 408 1710 Domino,
424 1635 493 1695 cod.
510 1631 541 1712 2)
556 1634 589 1693 in
597 1637 758 1694 aeternam
772 1633 999 1694 beatitudinem
1012 1631 1185 1695 retribuere
1194 1636 1396 1702 confidimus.

223 1744 330 1805 Form.
352 1741 408 1804 st.
426 1742 474 1817 11,
491 1759 522 1821 p.
539 1742 610 1814 171,
626 1739 922 1819 12.1nquibusdam
937 1758 1011 1802 vero
1032 1739 1109 1802 locis
1122 1743 1260 1821 apertius
1274 1743 1397 1824 signiti-

224 1854 315 1914 catur
328 1850 573 1912 instrumentum
600 1866 664 1927 quo
691 1849 727 1908 tit
751 1847 882 1927 aliquid,
899 1852 933 1909 ut
961 1847 993 1909 in
1021 1849 1072 1910 his
1090 1867 1097 1910 ε
1114 1850 1176 1911 Nec
1203 1851 1284 1931 eprcd
1307 1854 1396 1913 canis

224 1957 407 2018 venationes
429 1974 493 2017 non
517 1956 646 2018 faciant.
671 1955 770 2034 Capit.
800 1957 865 2018 ldD.
883 1974 912 2016 o.
931 1958 999 2031 711,
1016 1975 1049 2036 p.
1064 1958 1115 2029 19,
1142 1958 1192 2017 tl.
1209 1992 1248 2002 —
1262 1960 1296 2021 si
1310 1962 1395 2038 quis,

224 2080 323 2124 uxore
343 2066 482 2141 accepta,
509 2063 627 2123 invenit
654 2080 725 2123 eam
751 2059 832 2141 opttd
858 2063 989 2123 fratrem
1020 2082 1113 2124 suum
1133 2066 1395 2127 contaminatam.

224 2169 324 2249 Capit.
337 2170 398 2229 ΡΡ.
415 2188 444 2230 a.
462 2169 531 2242 ret,
546 2187 579 2248 p.
593 2169 644 2242 38,
661 2171 710 2229 23.
726 2169 812 2229 Adde
828 2187 886 2248 pro
913 2170 1051 2231 ablativo
1080 2172 1262 2233 Latinorum
1276 2173 1396 2233 instru-

223 2278 321 2338 menti
335 2275 470 2355 positam
485 2277 518 2336 in
532 2276 583 2336 his
597 2275 787 2355 particulam
796 2293 873 2350 eam
889 2294 972 2354 quae
995 2277 1179 2358 plerumque
1194 2280 1278 2358 apud
1294 2278 1396 2360 scrip-

224 2388 307 2444 tores
320 2385 390 2445 aevi
404 2384 609 2462 merovingici
623 2384 664 2444 ad
679 2383 815 2443 formam
830 2382 920 2463 uptsd,
936 2383 974 2444 ab
997 2384 1160 2462 vulgarem
1175 2386 1284 2448 reduci
1303 2405 1398 2466 posse

222 2490 366 2552 videatur
381 2509 391 2550 .·
408 2488 482 2552 Cum
509 2492 610 2552 contis
637 2495 768 2569 utraque
785 2491 813 2551 ei
838 2489 1072 2553 lateraferinnt.
1085 2491 1178 2569 Greg.
1194 2493 1269 2557 Tur.
1282 2494 1346 2557 HF.
1362 2493 1395 2569 Ξ,

221 2597 398 2670 {it-Quo
413 2614 481 2659 cum
493 2598 673 2660 vectibus...
688 2596 826 2678 repulso.
838 2597 883 2659 ld.
898 2597 942 2658 ib.
959 2599 988 2673 2,
1006 2600 1055 2662 33.

262 2705 290 2787 c)
304 2707 405 2767 Immo
416 2705 457 2766 ad
472 2705 657 2768 solvendam
685 2724 750 2785 qua
765 2704 983 2783 distringimur
1006 2708 1235 2785 quaestionem,
1262 2706 1319 2770 etsi
1333 2709 1396 2769 ali-

221 2816 375 2892 quatenus
388 2811 552 2875 obscurari
566 2813 770 2882 itavideatur‚
785 2830 848 2875 non
858 2831 985 2893 possum
998 2814 1075 2892 quin
1088 2815 1243 2876 rationem
1256 2815 1396 2878 habeam

220 2938 320 3002 novae
334 2920 502 2983 cuiusdam
516 2921 572 2981 rei.
588 2921 668 2980 Nam
686 2918 812 2981 cuilibet
825 2922 994 3000 scriptores
1014 2921 1242 2999 lteroringicos
1258 2927 1288 2984 et
1298 2941 1395 3003 prae·

220 3029 327 3091 sertim
342 3028 529 3106 Gregorium
546 3028 759 3090 turonensem
770 3028 926 3090 evolventi
935 3027 1067 3107 liquebit
1086 3030 1227 3108 prolecto
1248 3048 1303 3092 eos
1331 3049 1396 3093 usu

218 3137 336 3199 bonam
358 3136 547 3198 latinitatem
575 3136 744 3197 excedente
773 3134 924 3196 adhibere
937 3137 1204 3215 praepositionem
1218 3155 1248 3216 α,
1261 3136 1310 3216 ob,
1327 3139 1394 3200 sive

219 3242 345 3323 signare
360 3242 457 3305 velint
470 3244 715 3304 instrumentum
729 3259 792 3321 quo
807 3242 842 3301 fit
870 3241 1000 3321 aliquid,
1024 3244 1090 3305 sive
1106 3244 1264 3305 interdum
1278 3246 1392 3307 eondi-

219 3348 342 3412 cionem
357 3350 461 3429 ipsam
476 3367 538 3428 qua
552 3348 660 3410 finitur
676 3368 683 3410 :
704 3349 789 3411 Tunc
804 3347 848 3408 illi
875 3367 896 3410 a
921 3349 1115 3429 lapidibus...
1144 3353 1228 3413 caesi
1242 3356 1274 3412 et
1291 3352 1391 3416 humo

217 3456 378 3537 prostrati.
395 3455 488 3534 Greg.
506 3456 579 3517 Tur.
597 3457 658 3517 HF.
675 3456 705 3530 3,
721 3457 771 3518 28.
787 3490 827 3499 —
842 3457 1057 3520 Trementibus
1070 3456 1109 3520 ab
1119 3457 1239 3538 impetu
1254 3461 1391 3521 arietum

217 3566 328 3627 muris.
345 3565 390 3626 ld.
403 3562 446 3627 ib.
458 3564 488 3640 2,
507 3566 535 3626 7.
552 3596 591 3607 —
606 3561 632 3624 A
646 3581 708 3643 quo
722 3563 863 3625 clamore
876 3563 1097 3643 expergefacti.
1113 3565 1158 3626 ld.
1177 3564 1219 3627 ib.
1236 3568 1267 3650 3,
1283 3568 1333 3628 36.
1350 3601 1389 3613 —

215 3670 261 3733 Ae
276 3672 326 3733 his
341 3676 372 3733 te
386 3670 499 3751 gladiis
513 3671 709 3733 transfodere
722 3670 897 3733 roluemus.
913 3671 959 3731 ld.
977 3670 1019 3732 ih.
1031 3671 1061 3744 8,
1077 3672 1126 3732 29.
1143 3705 1183 3717 -
1196 3674 1389 3736 Pcrunctum

216 3777 254 3840 ab
269 3779 331 3841 hoc
344 3778 466 3857 liquore
477 3778 625 3840 frontem.
638 3778 684 3840 Id.
695 3778 760 3840 VM.
779 3778 810 3849 1,
825 3778 875 3840 31.
892 3811 930 3821 -
944 3779 988 3838 Ne
1002 3795 1202 3862 pereamuro
1230 3780 1325 3862 lame.
1341 3782 1386 3844 ld.

215 3885 280 3946 GM.
298 3883 395 3946 9.-Α
410 3885 497 3947 febre
511 3890 666 3964 quartana
680 3903 736 3965 per
750 3902 868 3946 annum
879 3885 1036 3963 integrum
1050 3885 1263 3949 laboransld.
1275 3888 1386 3969 ibeo.

216 3992 312 4056 -Ab
328 4011 437 4056 eorum
452 3996 678 4057 intercessione
701 3993 824 4074 plenius
852 3992 893 4054 ad
915 3990 1039 4055 veniam
1062 3993 1197 4055 debeant
1211 3994 1386 4074 parvenire.

214 4104 320 4165 Form.
338 4102 432 4164 Marc.
450 4103 522 4164 add.
540 4103 569 4175 1,
585 4120 617 4182 p.
635 4102 704 4178 111,
720 4102 750 4165 2.
780 4100 850 4163 Non
878 4105 927 4162 est
945 4100 1091 4180 equidem
1105 4101 1195 4163 facile
1209 4103 1389 4166 ducunere

214 4213 286 4289 apte
300 4209 447 4289 quaesit
474 4209 553 4271 haec
579 4207 743 4288 particula.
760 4209 824 4269 Nec
851 4206 1010 4290 aberrabit
1036 4210 1063 4270 is
1091 4209 1302 4290 prolectolqui
1316 4229 1388 4273 eam

213 4316 353 4397 quodam
367 4316 463 4378 modo
474 4314 599 4377 duxerit
611 4316 877 4396 praepositionem
898 4315 1029 4377 latinam
1055 4333 1086 4392 a,
1106 4314 1144 4377 ab
1159 4334 1234 4378 usus
1249 4317 1387 4398 explica·

213 4426 299 4485 tione
310 4423 557 4502 praevalentem,
578 4426 688 4502 utpote
710 4441 792 4503 quae
805 4440 869 4484 non
898 4425 973 4504 iam
987 4439 1140 4504 personas
1154 4422 1257 4504 signet
1269 4424 1326 4486 sed
1355 4431 1387 4488 ct
