3084 5067
642 349 800 412 ..43-

128 512 295 586 disseram,
311 527 384 573 cum
398 509 599 574 construendi
622 511 778 571 rationem
793 527 850 589 per
863 528 897 571 se
918 508 1117 573 notissimam
1142 526 1303 572 resumere

126 617 167 680 sit
177 635 421 696 supervacuum.
437 618 648 683 observemus
671 621 795 678 tantum
816 618 943 678 Latinos
966 635 1025 696 pro
1054 617 1160 684 dativo
1180 617 1304 696 saepius

126 742 200 785 usos
215 741 284 785 esse
300 724 456 803 particula
471 724 645 785 iteratavel
660 741 732 785 cum
752 723 858 785 verbis
881 724 994 801 quibus
1020 724 1102 783 incst
1122 724 1187 784 iam
1199 722 1306 801 loque-

125 829 214 906 laris,
226 830 423 908 signantibus
437 830 584 892 videlieet
599 830 846 892 adtributionem
867 849 883 891 e
912 828 1005 891 locali
1023 828 1176 908 positione
1190 846 1304 908 prove·

125 936 278 1010 nientem,
309 936 395 1000 velut
421 936 563 1002 odiocere
580 956 587 998 :
604 936 776 1015 Regionem
800 955 881 1015 quas
902 936 942 998 od
969 937 1148 999 Aduatucos
1170 935 1304 1000 adiacet.

126 1034 216 1096 (ines,
234 1034 294 1095 BG.
310 1036 341 1106 6,
354 1035 405 1097 33.
416 1068 455 1079 -
470 1035 570 1096 Urbes
583 1034 623 1096 od
638 1033 752 1115 Syrtim
767 1035 920 1095 adiacent.
939 1034 1050 1113 Pomp.
1064 1033 1132 1094 Mel.
1151 1036 1179 1106 l,
1197 1037 1225 1095 7.

165 1141 252 1202 Adde
263 1145 367 1202 autem
383 1143 467 1221 apud
480 1141 707 1220 Meroviugicos
722 1141 821 1202 verba
834 1141 979 1221 aspicere,
992 1140 1168 1219 odioopere‚
1181 1140 1305 1221 aliaque

125 1246 269 1310 eiusdem
295 1247 431 1327 generis,
462 1266 541 1330 quae
569 1248 702 1310 neutrali
727 1250 824 1311 modo
847 1246 1099 1327 frequentissime
1126 1249 1159 1308 in
1182 1248 1306 1310 tiburtis

125 1360 297 1435 ponuntur.
315 1355 420 1417 Pauca
433 1356 578 1436 equidem
592 1354 767 1434 specimina
782 1354 875 1429 dabo,
893 1372 966 1418 cum
980 1352 1141 1416 adtineant
1154 1354 1251 1417 verba
1265 1356 1306 1426 ad

127 1463 344 1541 pragmaticas
374 1462 539 1538 formulas,
571 1468 601 1523 et
628 1463 681 1523 vix
707 1462 914 1539 adserventur
937 1460 969 1523 in
999 1462 1162 1523 romanica
1185 1460 1304 1540 lingua,

126 1566 153 1628 si
166 1568 209 1628 ad
224 1573 362 1629 aetatem
391 1567 643 1648 antiquissimam
658 1572 780 1649 spectes
797 1586 804 1628 :
821 1569 899 1630 Gum
921 1567 1108 1646 insulisque
1135 1567 1175 1629 od
1201 1567 1306 1647 ipsum

124 1673 239 1736 fiscum
251 1674 406 1738 adiacent.
426 1674 507 1753 Dipl.
526 1676 601 1754 Reg.
617 1677 646 1750 5,
662 1694 692 1737 a.
710 1676 781 1747 555,
795 1693 826 1754 p.
844 1677 873 1748 7,
889 1674 937 1737 38.
956 1673 1160 1753 -Quicquid
1183 1674 1306 1754 adipso
1361 1655 1363 1662 ’

127 1797 218 1841 maso
228 1780 351 1858 aspicit.
365 1782 472 1842 Form.
490 1782 546 1843 SB.
563 1783 613 1855 10,
624 1800 656 1860 p.
687 1783 757 1856 838,
770 1783 802 1843 5.
816 1813 857 1826 -
870 1779 1021 1859 Quicquid
1035 1779 1076 1841 od
1102 1782 1171 1860 ipso
1194 1798 1306 1843 manso

126 1886 260 1968 aspicet.
277 1888 363 1952 Gart.
380 1885 453 1951 San.
468 1889 499 1961 8,
515 1907 547 1967 p.
573 1889 642 1961 188,
665 1889 715 1949 86.
742 1922 782 1932 -
805 1889 904 1949 Terra
919 1885 1032 1948 arabili
1050 1887 1176 1967 adipso
1195 1905 1306 1949 manso

125 1992 310 2073 aspiciente.
328 1995 437 2056 Form.
453 1995 509 2056 SL.
526 1996 556 2069 8,
574 2013 604 2073 p.
630 1994 700 2069 878,
717 1994 768 2055 80.
783 2025 822 2040 -
832 1992 1072 2074 Presbyteratns
1087 1993 1140 2072 qui
1160 1993 1201 2055 od
1217 1993 1306 2055 illum

126 2100 352 2179 Episcopatum
365 2099 489 2179 legibus
506 2100 684 2179 obtingunt.
701 2099 786 2162 GAG.
803 2118 892 2163 conc.
906 2101 1076 2175 tornense,
1095 2119 1125 2163 a.
1149 2101 1217 2174 755,
1234 2118 1305 2172 can.

125 2206 176 2282 81,
193 2225 226 2286 p.
241 2207 291 2267 33.
307 2241 346 2251 -
360 2206 661 2286 Viniolaseu'prata
674 2211 838 2286 quaesunt
852 2207 892 2268 nd
908 2204 1062 2279 ltiulione,
1079 2211 1110 2267 ct
1132 2205 1307 2286 adiungunt

124 2312 166 2374 od
178 2313 288 2376 vineas
301 2317 430 2375 sanotae
453 2313 614 2376 ecclesiae.
644 2314 752 2376 TBert.
778 2331 811 2392 p.
834 2314 905 2386 857,
921 2316 952 2374 8.
969 2346 1007 2362 -
1022 2313 1099 2377 Gum
1115 2311 1202 2374 omni
1216 2314 1305 2374 adia·

126 2419 230 2481 centia
243 2418 283 2480 od
296 2420 365 2498 ipso
380 2419 506 2482 locello.
523 2422 628 2482 Form.
645 2421 783 2495 111118,
801 2422 851 2496 36,
864 2440 895 2500 p.
911 2421 961 2496 97,
979 2421 1147 2482 3.-0111
1161 2419 1306 2480 omnibus

6 2525 10 2532 ’
123 2523 166 2587 od
181 2542 214 2585 sc
228 2526 308 2588 iuste
324 2528 355 2586 et
362 2524 511 2603 legaliter
525 2526 678 2587 moderno
695 2531 837 2606 tempore
851 2525 1079 2605 pertinentibus
1092 2526 1144 2587 vel
1155 2525 1307 2605 aspicien-

125 2631 342 2695 tibusl’orm.
362 2632 443 2712 Imp.
460 2633 508 2707 11,
527 2650 559 2711 p.
572 2633 642 2708 891,
658 2634 708 2694 81.
722 2634 765 2693 De
774 2632 869 2693 verbo
880 2632 1007 2711 quidem
1014 2633 1180 2712 pertinere,
1198 2633 1308 2694 eadem

125 2739 192 2800 iam
220 2738 305 2817 apud
334 2737 460 2800 Latinos
488 2738 721 2802 constructione
755 2737 972 2815 usitatissimo,
1005 2757 1235 2818 supervacuum
1268 2738 1308 2800 sit

126 2843 276 2923 exempla
289 2845 433 2923 prolerre
449 2862 521 2906 curn
535 2861 633 2923 prope
642 2845 809 2907 videantur
822 2844 1066 2909 innumerabilia
1076 2846 1109 2906 in
1119 2844 1243 2906 Chartis
1258 2843 1308 2905 vel

123 2948 262 3027 Legibus
276 2948 424 3011 barbaris
439 2949 492 3031 (1).
522 2951 623 3011 Etiam
650 2953 677 3011 si
701 2951 799 3012 verbo
814 2950 1004 3030 praepositio
1019 2950 1190 3030 loquelaris
1204 2949 1301 3013 insit:

127 3055 289 3129 Quantum
305 3056 345 3118 od
369 3074 421 3117 me
436 3057 625 3136 adportenit.
643 3057 729 3119 Ghll.
747 3058 817 3133 580,
834 3076 864 3118 1.
882 3060 951 3134 711,
965 3077 996 3137 p.
1009 3058 1078 3119 393.
1092 3089 1134 3103 -
1147 3057 1307 3130 Quantum

123 3160 168 3223 od
189 3163 293 3241 ipsum
308 3162 494 3243 adportenit.
511 3164 557 3227 ld.
573 3162 616 3225 ib.
635 3164 709 3225 Inda
725 3182 849 3244 quoquc
864 3163 978 3242 gallica
991 3169 1101 3226 nostra
1124 3168 1300 3228 structura:

124 3271 309 3351 apportante
324 3273 353 3336 d.

167 3376 199 3456 b)
213 3377 247 3437 In
261 3395 359 3456 supra
380 3376 461 3441 datis
490 3377 642 3457 exemplis
665 3379 751 3439 notio
774 3378 987 3440 translationis
1009 3378 1061 3441 rel
1088 3377 1307 3441 adtributionis

123 3482 238 3545 localis
251 3483 419 3563 perspicue
434 3486 510 3545 satis
520 3485 615 3564 viget.
632 3482 904 3547 Decrescitautem
918 3485 1071 3563 paulatim
1082 3485 1108 3546 si
1122 3484 1306 3547 adverbum

6 3579 7 3586 '
120 3587 267 3670 prodesse
280 3595 433 3666 transeas,
451 3592 535 3669 quod
549 3590 754 3652 intercidente
767 3590 908 3652 utilitatis
923 3592 1049 3653 notione
1063 3591 1307 3654 adtributionern

125 3696 176 3758 rei
190 3697 231 3758 ad
246 3696 384 3776 aliquem
398 3697 448 3758 vel
462 3697 501 3758 ad
517 3696 635 3776 aliquid
650 3697 777 3773 signare
792 3703 905 3776 potest,
921 3698 1068 3776 quodque
1084 3716 1123 3759 ex
1142 3695 1206 3759 alia
1219 3703 1308 3777 parte

127 3805 217 3883 apud
233 3802 362 3866 latinos
376 3822 449 3865 cum
463 3804 568 3865 dativo
590 3820 715 3882 semper
735 3821 811 3864 casu
839 3808 1051 3866 constructum
1074 3805 1213 3883 reperias
1229 3822 1236 3865 :
1250 3802 1308 3875 Qui

125 3928 188 3973 nec
200 3912 260 3973 sibi
274 3928 332 3972 nec
347 3911 437 3973 alteri
452 3916 595 3990 prosunt.
626 3910 689 3973 llic.
720 3912 758 3972 dc
774 3911 828 3975 oti.
844 3912 938 3988 8,10.
955 3912 1093 3974 -Nihil
1118 3911 1308 3974 tibilitterae

125 4034 219 4080 meae
247 4018 431 4097 proderunt.
448 4018 493 4078 ld.
519 4018 559 4079 ad
586 4018 663 4079 fam.
690 4018 788 4093 8,17.
817 4051 858 4066 -
881 4017 912 4080 Si
928 4017 972 4078 nil
996 4020 1153 4099 prodestis
1177 4019 1306 4079 amanti.

126 4122 242 4188 Tibull.
259 4126 337 4200 8,1,
361 4124 411 4186 15.
427 4123 665 4185 Observandum
680 4124 739 4184 erit
758 4122 895 4186 vicirmm
911 4124 1043 4186 verbum
1063 4125 1214 4204 proficere
1238 4123 1307 4185 vul-

124 4230 198 4312 gari
207 4249 266 4292 usu
280 4248 339 4310 pro
349 4230 493 4310 prodesse
503 4230 689 4310 plerumque
710 4230 865 4307 adhiberi,
889 4236 920 4292 et
940 4231 1126 4310 particulam
1150 4230 1306 4292 inlocum

157 4470 195 4535 (l)
209 4469 360 4535 0111111.
376 4475 493 4524 catarum
505 4469 635 4532 ltocnoch,
650 4469 722 4524 ltoto
734 4469 792 4522 uod
808 4468 933 4535 Vutpmo,
950 4484 977 4534 p.
992 4470 1047 4521 375.
