3084 5067
672 282 832 342 ..⁵11-

206 436 240 518 o)
268 438 336 504 Huc
363 457 488 520 quoque
511 445 584 502 sunt
611 442 794 504 referendae
823 443 996 508 locutiones
1023 466 1104 526 quae
1130 450 1204 530 plus
1230 452 1334 515 minus

166 544 387 609 adverbialiter
400 548 520 626 positae
548 549 696 611 adiuncta
722 548 762 611 cd
790 547 945 632 particula
973 555 1222 618 convenientiam
1251 560 1333 621 indi-

165 656 248 715 cent.

204 763 353 823 Notemus
366 763 509 843 inprimis
524 764 563 826 od
584 765 692 839 iactor,
709 768 792 845 quod
807 786 865 846 pro
893 768 992 829 instar
1015 758 1164 846 positum*
1179 770 1243 831 iam
1266 790 1335 833 ver-

165 873 259 948 gente
272 869 424 931 latinitate
437 889 501 933 non
528 870 595 934 sine
622 873 774 953 exemplis
791 894 800 936 :
815 872 862 936 Ad
875 875 973 937 instar
996 875 1198 956 proprietatis
1208 896 1271 939 non
1296 881 1336 941 od

165 977 264 1038 instar
277 979 494 1056 possessionis.
512 980 583 1060 Ulp.
599 982 667 1061 Dig.
684 984 713 1056 6,
726 983 755 1057 2,
772 985 801 1043 7.
813 982 903 1061 Apud
918 982 1022 1044 Gallos
1038 1001 1048 1044 .·
1062 981 1109 1045 Aa
1119 1003 1217 1063 usquc
1228 989 1335 1066 puncti

165 1084 266 1146 tenuis
281 1085 378 1147 instar
392 1104 557 1167 quaerere.
573 1089 646 1149 Aua.
663 1090 713 1151 26.
732 1089 816 1168 Sept.
833 1087 905 1169 Sap.
922 1090 991 1151 113.
1008 1124 1047 1133 -
1063 1087 1110 1151 Ad
1124 1092 1222 1154 instar
1234 1092 1335 1172 patris

164 1191 316 1271 diligitur.
332 1194 464 1272 Fredeg.
480 1196 530 1257 85.
547 1193 644 1257 -Ad
657 1196 755 1258 testor
769 1194 973 1259 institutionis
995 1199 1180 1261 monasterii
1205 1199 1335 1263 Sancto·

163 1315 236 1360 rum
249 1297 496 1376 Agaunensium.
508 1302 555 1364 ld.
572 1301 600 1363 1.

203 1403 355 1468 Proxima
380 1424 474 1468 sensu
502 1407 693 1470 formulaad
719 1410 816 1471 vicem
838 1428 896 1489 pro
915 1410 981 1472 vice
994 1417 1146 1492 usurpata
1171 1411 1235 1474 iana
1253 1413 1336 1493 apud

149 1512 318 1600 sequioris
345 1515 459 1576 aetatis
489 1515 657 1595 scriptores
681 1517 839 1580 invenitur
857 1535 864 1577 :
882 1518 1013 1579 Maiores
1028 1522 1105 1579 natu
1120 1538 1140 1580 a
1159 1518 1336 1581 minoribus

163 1619 350 1683 colebantur
364 1620 404 1683 ad
419 1622 513 1683 deum
541 1641 640 1703 prope
651 1628 682 1685 et
699 1630 866 1704 parentum
891 1625 998 1687 vicem.
1028 1625 1105 1688 6511.
1122 1628 1150 1698 2,
1174 1628 1224 1688 15.
1241 1626 1336 1688 Multo

162 1727 357 1805 frequentior
372 1734 480 1794 autem
494 1730 527 1791 in
540 1729 664 1791 Ghartis
674 1748 711 1792 ac
725 1730 881 1793 Formulis
902 1730 1144 1811 merovingicis:
1159 1731 1234 1794 Viro
1249 1732 1334 1794 illus·

163 1832 205 1894 tri
220 1834 432 1915 baudegisilo,
450 1835 503 1915 qui
518 1836 557 1898 od
572 1837 667 1899 vicem
680 1836 823 1898 illustras
838 1843 1001 1900 matronae
1027 1838 1228 1901 Teudilenae.
1246 1840 1332 1904 uhu.

162 1941 232 2017 253,
249 1960 279 2005 5.
296 1944 366 2017 631,
384 1961 416 2021 p.
433 1941 675 2006 5.-11515551
690 1943 914 2006 codicellorum
927 1944 1115 2007 valereeum
1130 1944 1334 2032 1515111511.

161 2068 195 2130 p.
211 2050 281 2124 255,
299 2052 331 2112 2.
346 2083 387 2096 -
400 2048 448 2111 Ad
462 2051 559 2112 vicem
574 2069 690 2113 meam.
706 2053 815 2115 Form.
829 2053 910 2116 And.
926 2053 955 2125 1,
971 2072 1003 2132 p.
1019 2056 1048 2127 1,
1065 2054 1115 2115 at.
1131 2087 1172 2100 -
1183 2053 1336 2132 Quicquid

160 2156 276 2220 exinde
287 2155 328 2219 ad
341 2157 437 2220 vicem
452 2163 594 2218 nostram
608 2159 721 2235 egeris.
739 2158 784 2220 lb.
801 2160 830 2231 1,
860 2177 891 2238 p.
911 2162 942 2233 1,
959 2160 1009 2222 28.
1027 2194 1065 2205 -
1079 2160 1168 2231 Quod
1182 2161 1209 2222 si
1222 2159 1267 2219 illi
1282 2166 1337 2220 aut

162 2261 268 2343 aliqua
278 2281 414 2342 persona
428 2263 469 2325 ed
496 2264 592 2326 vicem
607 2282 697 2325 snam
711 2266 782 2344 ipsa
809 2284 904 2327 causa
931 2267 1084 2327 resultare
1098 2266 1334 2345 presumpserit.

159 2371 205 2432 lb.
221 2372 252 2442 5,
268 2389 300 2450 p.
316 2372 345 2445 6,
363 2372 413 2432 27.
425 2402 463 2416 --
478 2368 524 2432 Ad
537 2372 634 2433 vicem
648 2376 798 2450 genetore
813 2391 883 2435 suo.
899 2374 945 2434 Ib.
958 2374 1006 2448 10,
1023 2393 1052 2453 p.
1069 2375 1099 2449 8,
1112 2372 1335 2435 17.-6511555

159 2494 249 2538 meas
264 2476 304 2539 od
319 2495 422 2538 meam
435 2477 532 2562 vicem
545 2495 748 2558 prosequere.
779 2481 884 2542 Form.
904 2481 976 2540 Tur.
1002 2481 1052 2555 15,
1070 2498 1101 2559 p.
1118 2480 1187 2555 159,
1204 2479 1336 2540 111115

160 2584 274 2648 eodem
302 2602 397 2646 sensu
425 2584 562 2663 positum
584 2603 591 2646 z
616 2583 663 2645 Ad
689 2586 792 2665 specie
819 2604 891 2647 mea
918 2587 1014 2648 fuisti.
1038 2589 1144 2649 Form.
1173 2586 1253 2648 And.
1283 2586 1333 2658 37,

160 2710 194 2771 p.
216 2692 265 2767 16,
282 2693 332 2753 31.
1248 2748 1252 2751 ,

200 2797 262 2860 Sed
276 2798 396 2862 nullum
411 2797 444 2863 in
459 2799 656 2861 documentis
670 2798 784 2860 iisdem
794 2798 937 2862 usitatius
949 2799 1089 2862 invenies
1103 2799 1227 2862 dicendi
1237 2817 1336 2879 genus

44 2911 47 2912 ’
153 2923 257 2992 ¹quam
272 2905 311 2967 od
324 2885 459 2993 portem,
487 2906 659 2989 particulae
683 2924 742 2986 pro
769 2905 820 2968 vel
843 2906 919 2983 loco,
935 2908 1034 2968 instar
1049 2905 1172 2986 (gallice
1184 2924 1274 2987 pour,
1299 2924 1337 2968 en

156 3012 247 3092 place
261 3012 308 3092 de)
322 3013 423 3073 vicem
446 3030 579 3092 gerens:
595 3013 685 3074 ltalia
698 3012 738 3075 od
761 3021 883 3092 partem
897 3012 1096 3093 imperatoris
1122 3017 1227 3098 capta.
1240 3014 1335 3092 areg.

161 3120 237 3181 Tur.
254 3121 316 3182 HF.
333 3122 363 3195 1,
380 3120 409 3180 9.
426 3151 468 3168 -·-
480 3120 670 3180 Memoratus
685 3119 767 3181 abba
780 3120 831 3180 vel
849 3138 1047 3181 successores
1061 3119 1109 3181 sui
1129 3119 1245 3181 ibidem
1261 3137 1336 3182 con·

160 3227 317 3299 sistentes,
334 3225 373 3288 od
383 3233 503 3306 partam
516 3224 613 3304 ipsius
628 3224 811 3286 monasterii
825 3226 948 3287 valeant
962 3226 1133 3306 possidere.
1157 3226 1238 3307 Dipl.
1255 3228 1333 3305 Reg.

126 3491 129 3496 ,
161 3437 284 3483 auctores
292 3432 419 3497 sequioris
425 3432 519 3482 aetatis
529 3420 659 3495 reperitur
670 3447 676 3482 :
687 3432 770 3482 lucta
780 3436 951 3495 praeceptum
959 3430 1148 3481 Themistoclis.
1159 3429 1251 3482 lustin.
1260 3432 1284 3491 2,
1296 3433 1336 3483 12.

162 3549 192 3558 -
202 3522 406 3584 conviviumque
420 3521 497 3571 iuria
510 3522 610 3586 regiam
622 3520 847 3585 magnificentiam
856 3521 924 3571 ludis
938 3525 1057 3571 exornat.
1068 3519 1106 3569 11.
1124 3520 1161 3581 12,
1176 3520 1335 3569 3.-15515

163 3615 299 3661 naturam.
312 3610 388 3673 Apul.
402 3611 491 3674 dogm.
503 3610 571 3660 Plet.
584 3612 607 3671 2,
621 3612 661 3682 26.
673 3611 710 3660 De
722 3623 774 3673 qno
788 3609 822 3660 ei.
833 3614 951 3660 ceterum
964 3611 1089 3673 Dreeger,
1105 3607 1170 3658 11151.
1182 3607 1269 3672 synt..
1281 3613 1301 3658 t.
1314 3607 1334 3667 1,

161 3712 189 3764 p.
202 3698 257 3751 581.
272 3698 405 3749 Accedant
424 3710 528 3761 quoquo
546 3698 674 3749 nonnulla
693 3697 813 3762 exempla
830 3711 844 3749 5
860 3695 1336 3766 11515115ςί5515515115551555515

159 3787 302 3852 imparium
323 3787 478 3850 aspicientes
492 3783 524 3837 15
537 3800 624 3837 muro.
640 3788 717 3852 Greg.
731 3787 793 3837 Tur.
809 3788 861 3836 HF.
874 3788 898 3847 2,
913 3786 937 3835 i.
952 3812 983 3822 -
997 3785 1036 3835 11
1050 3785 1138 3836 locum
1151 3784 1335 3836 accedentibus

160 3877 241 3927 iusto
254 3876 395 3940 imperium
411 3875 488 3940 regis.
501 3876 539 3926 ld.
554 3876 588 3926 ib.
605 3879 628 3937 2,
644 3876 682 3925 31.
698 3903 728 3913 -
740 3875 812 3926 Fecit
826 3876 905 3925 incra
920 3874 989 3938 quod
1008 3874 1031 3925 ei
1048 3878 1218 3938 praeceptum
1238 3871 1334 3924 luerat.

161 3965 199 4018 ld.
212 3965 247 4016 ib.
260 3967 283 4026 3,
300 3966 337 4014 11.
353 3992 383 4003 -
396 3966 478 4015 lucta
490 3965 633 4030 relegionis
645 3978 741 4016 norma
751 3965 880 4030 perpetim
894 3963 1000 4014 valeant
1008 3962 1136 4014 resedere.
1149 3963 1239 4014 Form.
1251 3962 1334 4013 llere.

161 4055 185 4116 1,
199 4055 222 4116 2,
238 4067 265 4118 p.
278 4055 317 4115 11,
333 4055 371 4106 ld.
387 4080 417 4091 -
433 4055 514 4103 lucta
530 4035 742 4106 constitutionem
756 4053 920 4117 pontificum.
936 4053 974 4103 lb.
991 4053 1014 4112 1,
1026 4054 1049 4112 2,
1062 4064 1088 4115 p.
1100 4053 1139 4113 10,
1152 4052 1191 4101 22.
1206 4078 1238 4088 -
1251 4050 1336 4102 Adde·

164 4148 251 4195 tum...
271 4143 350 4194 lucto
371 4143 441 4208 quod
455 4154 546 4192 eorum
562 4143 677 4193 continet
689 4142 866 4207 privilegium.
878 4142 916 4194 lb.
934 4143 956 4202 1,
968 4144 991 4201 2,
1004 4154 1029 4206 p.
1043 4141 1081 4201 12,
1093 4142 1150 4192 2.-
1157 4140 1236 4213 Nobis
1248 4139 1335 4191 divina

167 4231 250 4295 pietas
262 4231 340 4281 iacto
351 4236 442 4281 votum
454 4228 903 4282 6151111111...115115155555555111).
915 4232 937 4292 1,
948 4232 986 4292 39,
996 4243 1023 4294 p.
1033 4230 1072 4290 68,
1084 4231 1122 4280 12.
1133 4257 1163 4267 -
1171 4230 1252 4279 lucta
1262 4228 1335 4292 polli-

163 4320 287 4388 citatione
306 4320 409 4372 devina.
422 4320 460 4371 lb.
476 4322 499 4383 2,
517 4321 538 4382 1,
554 4333 579 4387 p.
594 4321 632 4382 71,
650 4321 689 4382 21,
706 4326 754 4371 etc.
774 4319 811 4370 Cf.
829 4320 855 4380 in
874 4333 900 4370 r.
920 4320 982 4384 gali.
998 4332 1076 4370 usum
1095 4319 1241 4383 particulae
1253 4317 1333 4382 jaste,

159 4409 261 4474 jouste.
