3084 5067
661 370 821 431 ...69-

157 525 263 587 -Sto
278 528 305 587 si
319 527 419 589 licerit
434 530 536 590 exsuit
551 548 586 591 se
598 529 637 591 cd
650 529 861 592 latrocinium.
878 530 963 593 LSal.
984 535 1014 607 2,
1033 535 1072 596 13
1087 532 1136 614 (de
1157 534 1317 599 latrocinio

157 632 227 692 cod.
245 634 260 692 1
279 639 310 694 et
331 633 415 716 cet).
438 668 479 683 -
500 634 546 698 Aa
570 638 775 714 munitionem
794 639 915 699 viarum
938 657 995 718 pro
1019 641 1112 701 modo
1136 642 1317 720 patrimonii

156 737 277 799 nullum
301 742 424 818 penitus
448 741 601 803 excusari.
633 742 750 821 LBurg.
783 743 818 804 P.
853 744 902 818 ll,
934 746 962 804 1.
994 746 1056 807 Sed
1087 745 1165 807 haec
1193 747 1316 829 aliaque
1429 735 1431 746 ¹

155 843 336 908 huiusmodi
352 848 541 927 exemplam
556 848 669 927 quibus
684 854 793 928 aperta
807 851 1009 929 comparandi
1024 852 1109 913 notio
1133 855 1235 932 periit,
1261 857 1317 915 tri·

156 948 280 1012 buenda
294 954 439 1014 ridentur
461 955 631 1017 imitationi
655 962 821 1036 syntaxeos
835 956 968 1019 latinae:
985 976 1093 1019 sensus
1108 960 1190 1020 enim
1208 960 1316 1021 discri-

155 1074 228 1118 men
244 1059 387 1119 subtilius
402 1062 553 1124 notabant
567 1081 661 1143 quam
676 1066 710 1123 ut
723 1064 755 1123 in
767 1063 930 1141 vulgarem
945 1082 980 1125 ae
996 1065 1186 1127 cotidianum
1199 1082 1316 1128 sermo-

155 1180 228 1226 nem
242 1166 380 1246 irrepere
393 1172 533 1247 possent.
976 1171 981 1182 “

648 1305 659 1314 ’
692 1322 761 1383 lu.

192 1449 224 1532 a)
237 1454 282 1520 Ex
296 1455 407 1516 eadem
422 1472 498 1516 vero
518 1456 721 1534 comparandi
745 1453 872 1517 notione
894 1458 964 1516 orta
986 1459 1032 1516 est
1046 1455 1146 1519 altem
1161 1463 1318 1521 structura

153 1576 245 1637 quae,
261 1577 335 1624 eum
346 1561 468 1624 ratione
483 1561 586 1624 minus
601 1561 728 1641 obliqua
739 1561 898 1640 procedat,
911 1562 1029 1623 maiore
1040 1568 1148 1641 postea
1157 1570 1317 1630 momento

152 1664 272 1744 viguit:
289 1667 553 1729 adsimilationem
567 1669 635 1730 dico
650 1687 731 1749 quae
745 1669 827 1730 inter
841 1686 908 1729 rem
922 1668 991 1730 lieri
1006 1674 1109 1749 potest
1123 1675 1153 1734 et
1167 1670 1317 1732 conditio-

151 1791 224 1836 nem
245 1775 406 1853 quandam
430 1781 603 1837 externam.
620 1776 686 1837 Hac
710 1776 793 1837 enim
811 1781 938 1842 notatur
959 1776 1171 1852 conformitas,
1189 1783 1221 1843 et
1243 1778 1316 1840 inde

149 1880 262 1942 modus
276 1883 504 1960 quadantenus,
520 1884 574 1943 sed
586 1900 649 1944 non
660 1882 785 1944 exclusa
799 1884 945 1943 movendi
956 1883 1091 1957 notione,
1105 1901 1176 1945 cum
1188 1902 1314 1946 resnou

148 1986 182 2048 in
204 2006 238 2048 se
260 1989 388 2049 modum
408 1988 592 2050 intrinsecus
614 1988 782 2061 contineat,
804 1990 861 2050 sed
884 1989 975 2050 alteri
998 1990 1088 2068 quasi
1106 1992 1209 2069 posita
1230 1992 1317 2053 iuxta

151 2094 347 2156 adsimilatus
362 2100 392 2155 et
406 2096 630 2160 conformetur.

190 2203 260 2263 Fuit
274 2203 415 2281 protecto
430 2204 513 2281 apud
524 2202 692 2282 scriptores
706 2203 755 2265 vel
770 2205 872 2265 honae
882 2205 992 2266 aetatis
1005 2205 1316 2284 Romanosfrcquen·

149 2307 305 2372 tissimum
321 2315 355 2370 ut
364 2309 595 2388 praepositione
620 2310 659 2371 ad
671 2315 833 2372 uterentur
847 2310 887 2372 ad
901 2311 983 2371 hanc
993 2312 1228 2373 convenientiae
1238 2311 1317 2373 rela-

149 2418 266 2477 tionem
282 2418 482 2479 indicandam
497 2422 528 2477 et
540 2417 701 2480 secundom
714 2435 813 2496 prope
827 2417 948 2479 valente
965 2434 972 2478 :
987 2415 1035 2479 Au
1049 2417 1109 2479 hoc
1124 2417 1313 2497 exemplum.

149 2522 252 2584 Plaut.
269 2525 354 2584 Pers.
371 2525 440 2586 335.
457 2558 496 2568 —-
508 2522 555 2585 Aci
578 2522 815 2584 similitudinem
839 2523 968 2586 bellicae
987 2523 1180 2602 disciplinae.
1197 2525 1260 2587 Gie.
1278 2525 1316 2587 de

148 2634 213 2691 nat.
235 2632 327 2692 Deor.
349 2634 378 2707 2,
403 2631 452 2691 61.
469 2663 510 2677 -
524 2628 571 2691 Ac
586 2630 721 2707 effigiem
736 2631 810 2690 iusti
825 2629 960 2708 imperii.
977 2629 1022 2689 ld.
1040 2630 1090 2691 ad.
1108 2629 1165 2701 Qu.
1181 2630 1221 2692 fr.
1238 2631 1268 2705 1,
1285 2632 1315 2703 1,

147 2738 177 2799 8.
194 2771 233 2782 -
248 2735 294 2798 lc
307 2736 422 2798 virium
436 2737 678 2817 proportionem.
697 2735 777 2797 Plin.
795 2737 846 2811 24,
862 2737 911 2796 16.
928 2770 967 2780 -
981 2733 1028 2796 At
1041 2735 1197 2797 rationem
1212 2742 1243 2797 11
1254 2736 1316 2799 loci

148 2849 178 2907 st
193 2844 356 2923 temporis.
372 2843 451 2905 Ptin.
471 2845 538 2904 Iun.
553 2861 602 2922 ep.
619 2845 649 2917 3,
667 2843 716 2916 18,
734 2845 762 2904 1.
780 2877 818 2888 -
834 2843 976 2904 Graviter
990 2859 1023 2904 se
1038 2848 1069 2903 et
1083 2841 1122 2904 ad
1140 2843 1233 2905 Marci
1248 2859 1315 2905 mn·

147 2967 199 3011 res
213 2951 289 3029 egit.
315 2949 446 3028 Capitol.
469 2950 578 3022 Verus,
594 2952 626 3011 1.
642 2983 680 2994 -
693 2947 741 3010 Ad
755 2967 890 3028 quorum
911 2949 1089 3028 exemplum
1112 2950 1229 3012 oereati
1244 2956 1316 3011 sunt

147 3056 281 3135 equites.
297 3056 405 3133 Veget.
422 3057 451 3127 1,
469 3053 588 3120 1.-1111
599 3058 746 3134 antiquae
756 3054 879 3117 virtutis
888 3055 1096 3116 imitationem
1105 3055 1196 3117 facile
1207 3073 1316 3118 conro-

146 3162 261 3223 borare
280 3164 378 3241 possit
402 3162 584 3226 exercitum.
600 3163 646 3224 Id.
663 3163 694 3235 1,
710 3164 759 3225 18.
776 3161 862 3223 Adde
882 3162 966 3240 quod
986 3160 1082 3222 iidem
1095 3161 1179 3223 hanc
1193 3161 1315 3225 eonfor-

147 3270 268 3330 mitatis
281 3268 442 3332 notionem
453 3268 516 3329 iam
532 3271 657 3348 saepius
668 3271 707 3331 ad
722 3267 890 3336 voluntatis
906 3267 1166 3345 significationem
1180 3269 1317 3331 referant

146 3374 359 3438 locutionibus
371 3375 413 3437 ud
426 3384 540 3450 nutum,
563 3376 603 3437 ad
624 3375 797 3455 arbitrium,
811 3375 851 3437 ad
864 3384 975 3447 votum,
991 3373 1122 3453 aliisque
1136 3376 1316 3437 huiusmodi

148 3484 307 3562 usurpatis
324 3501 331 3542 ε
346 3480 394 3543 Ad
407 3500 513 3543 meum
528 3501 666 3545 sensum.
683 3482 745 3544 Gic.
756 3484 797 3543 ad
811 3482 888 3542 fam.
906 3483 955 3559 15,
972 3479 1317 3544 6.-1611111111111111

147 3594 301 3649 nostram.
320 3588 366 3649 Id.
383 3588 422 3648 de
437 3588 490 3651 off.
509 3589 537 3663 1,
560 3589 610 3658 26.
626 3622 665 3632 -
679 3588 712 3650 Si
726 3607 789 3668 qua
803 3607 852 3648 res
873 3607 936 3649 non
952 3587 995 3658 ¹od
1009 3591 1120 3648 nutum
1139 3586 1316 3649 111111611-

147 3694 300 3756 luntatem
314 3695 380 3756 eius
395 3694 478 3757 lacta
492 3696 542 3756 sit.
559 3695 646 3756 Caes.
664 3694 724 3756 BG.
742 3695 770 3769 1,
788 3695 837 3756 31.
854 3729 893 3739 -
905 3692 953 3755 Ad
967 3712 1059 3755 suum
1073 3692 1240 3755 arbitrium
1258 3695 1316 3756 im-

148 3819 272 3881 parare.
289 3802 334 3863 ld.
351 3801 394 3862 ib.
412 3803 439 3877 1,
457 3802 506 3861 36.
524 3836 563 3845 -
584 3802 725 3862 Honores
740 3801 781 3862 ad
799 3800 962 3862 libidinem
978 3802 1059 3879 cepit
1073 3805 1104 3862 et
1119 3802 1214 3863 dedit.
1230 3801 1315 3863 Suet.

148 3910 210 3971 div.
233 3909 291 3970 Iul.
310 3908 357 3970 76.
375 3906 473 3969 -Ad
494 3912 691 3987 praetextum
713 3912 854 3968 mutatae
878 3908 1046 3968 voluntatis
1065 3908 1150 3969 dicte
1172 3908 1317 3986 tactaque

148 4017 346 4097 quorundam
371 4014 589 4077 calumniatus,
606 4015 652 4076 ld.
675 4005 757 4094 Aug.
774 4016 822 4076 12.
844 4049 883 4061 -
900 4014 947 4076 Ad
961 4014 1065 4095 ipsum
1088 4013 1316 4095 praescriptum

148 4123 272 4185 divinae
286 4122 503 4202 promissionis
517 4127 675 4183 ornatum.
693 4122 783 4202 Apul.
801 4128 874 4184 met.
892 4123 941 4198 11,
958 4121 1118 4184 11,-11
1132 4122 1318 4201 obsequium

147 4229 297 4293 numinis.
311 4232 400 4291 Mart.
418 4228 492 4308 Gap.
510 4229 539 4301 1,
557 4230 605 4290 75.
622 4265 661 4274 -
676 4229 935 4291 Prudentioribus
948 4249 1011 4291 non
1026 4229 1188 4291 adnutum
1202 4228 1316 4290 volun·

146 4339 221 4400 tatis
236 4336 538 4416 obtemperantibus.
554 4338 722 4415 Augustin.
740 4337 872 4399 confess.
889 4340 918 4414 1,
937 4339 953 4397 i
970 4338 1024 4419 (1).

177 4525 211 4589 (1)
231 4522 270 4575 Cf.
286 4524 394 4588 insuper
406 4523 530 4589 Draegen
542 4521 608 4575 11111.
624 4522 710 4587 Synt,
722 4529 742 4577 t.
754 4523 775 4586 Ι,
788 4537 813 4587 p.
828 4523 883 4575 181.
