3084 5067
647 327 807 390 ...27-

144 506 220 568 6136
234 488 273 550 od
298 488 482 551 Heracleam
506 494 602 550 noctu
627 488 820 551 accederem.
848 488 893 551 Id.
917 489 950 549 in
971 489 1058 551 Verr.
1084 489 1114 565 1,
1135 489 1187 565 27,
1208 488 1258 550 69.
1274 523 1314 534 -

143 597 260 658 llarius
273 594 313 658 od
326 598 459 658 Zamam
485 598 637 676 pervenit.
654 596 730 659 Sall.
752 597 820 674 lug.
837 596 886 656 57.
910 629 950 639 -
967 596 1043 657 Inde
1066 594 1106 657 od
1118 595 1212 657 Veios
1226 612 1313 657 exer-

144 703 223 765 citus
237 703 360 765 duetus.
383 703 448 764 Liv.
465 704 495 776 5,
521 703 570 778 19,
594 704 624 763 8.
653 736 694 748 -
718 703 797 765 dum
821 703 941 765 exirent
963 701 1003 763 od
1026 702 1170 765 Golchos.
1195 702 1311 782 Hygia.

142 809 207 872 fab.
234 810 282 870 11.
305 844 346 894 ·.·
369 809 471 882 Quare
494 808 534 872 ad
558 811 685 872 Troiam
710 811 940 890 quinquaginta
964 827 1054 888 reges
1081 809 1311 898 navigaverint.

143 916 272 990 Quintil.
291 921 320 991 7,
337 918 366 993 2,
383 920 413 978 3.
429 952 469 962 -
482 918 626 979 Tendens
648 916 688 980 od
711 918 914 979 Lundinium.
932 918 1036 978 Amm.
1057 917 1192 978 Marcell.
1214 916 1264 994 27,
1280 917 1311 990 8,

143 1024 172 1084 7.
189 1059 229 1070 -
243 1026 482 1104 Deductumque
497 1029 655 1104 postremo
670 1042 725 1105 per
749 1025 859 1103 fugam
882 1042 955 1087 cum
975 1022 1084 1104 paucis
1097 1022 1138 1086 66
1160 1023 1310 1084 Hibitam.

142 1131 188 1193 Id.
205 1132 255 1207 26,
271 1133 301 1205 9,
317 1134 346 1193 3.
362 1163 404 1177 -
416 1131 535 1192 ibimus
549 1131 589 1194 66
602 1132 767 1192 Nazareth.
786 1130 913 1193 Hieron.
937 1148 986 1210 ep.
1003 1131 1053 1204 16,
1070 1131 1313 1192 12-1161616

141 1238 431 1301 Nabuchodonosor
441 1237 481 1300 66
495 1238 686 1319 Babylonem
703 1240 802 1300 duxit.
820 1239 866 1302 ld.
883 1238 925 1299 ib.
944 1242 973 1311 7,
990 1239 1020 1301 3.
1038 1270 1078 1284 -
1092 1237 1139 1298 Ab
1154 1237 1312 1317 Epidauro

141 1344 276 1408 ambivit
289 1343 329 1408 66
340 1349 483 1408 Romam.
498 1345 661 1425 Augustin.
678 1347 718 1408 de
732 1348 875 1421 cin-Dei,
891 1347 921 1419 3,
938 1346 987 1406 12.

182 1452 266 1516 Usus
280 1452 332 1515 ille
356 1452 533 1534 praevaluit
555 1460 624 1516 tum
646 1454 732 1535 apud
756 1452 925 1533 scriptores
939 1452 1165 1531 Merovingicos
1187 1455 1257 1514 tum
1279 1452 1313 1514 ln

139 1559 357 1622 instrumentis
380 1562 519 1624 eiusdem
542 1562 623 1638 aevi,
655 1562 902 1640 adservatusque
926 1579 945 1622 a
966 1559 1126 1621 Karolinis
1149 1565 1259 1640 postea
1281 1561 1314 1621 in

140 1673 248 1730 nostro
274 1668 399 1747 vulgari
422 1687 569 1732 sermone
593 1686 717 1750 semper
741 1668 783 1730 ad
803 1666 1041 1730 similitudinem
1065 1666 1236 1731 adhibetur
1258 1667 1313 1749 (11.

140 1773 234 1837 Guius
248 1793 329 1854 ,cum
355 1776 518 1838 abundent
539 1777 694 1856 exempla,
720 1776 800 1837 haee
829 1775 1049 1837 tantummodo
1074 1779 1312 1855 proponantur:

140 1881 312 1961 Regressus
327 1882 367 1944 ad
380 1882 616 1946 Alexandriam.
634 1883 722 1964 Sulp.
740 1883 815 1944 dial.
833 1882 862 1957 1,
876 1884 907 1955 9,
923 1883 952 1943 6.
974 1914 1009 1926 -
1023 1879 1069 1943 Ad
1083 1880 1314 1945 Centumcellas

138 1988 213 2050 forti
228 1989 413 2052 defleximus
428 1994 545 2053 austro.
562 1991 701 2064 Rutili,
717 1990 788 2050 237.
803 2021 845 2037 -
858 1990 922 2050 Nos
936 1988 976 2052 ad
991 1990 1192 2068 Cartaginem
1206 1989 1313 2052 venire

139 2097 308 2176 praecepit.
336 2098 429 2177 Greg.
448 2100 520 2159 l'ur.
547 2099 608 2161 HF.
625 2099 655 2173 2,
676 2099 706 2160 3.
722 2127 764 2181 -ή
785 2094 832 2158 Ad
854 2097 1011 2158 Arvernus
1022 2095 1138 2177 dirigit.
1155 2095 1199 2159 ld.
1222 2097 1265 2161 ib.
1280 2097 1310 2170 2,

139 2203 189 2264 37.
204 2201 305 2265 -Ad
319 2204 623 2285 Constantinopolim
643 2206 783 2268 accessit.
809 2204 855 2265 ld.
880 2204 924 2266 ib.
940 2204 971 2281 6,
986 2204 1037 2265 21.
1052 2235 1093 2250 -
1106 2202 1153 2266 Ad
1172 2204 1311 2268 Veredu-

139 2328 269 2373 nensem
283 2311 395 2373 urbem
410 2313 529 2391 dirigit.
545 2313 590 2373 ld.
606 2312 650 2374 ib.
666 2314 698 2386 9,
714 2313 763 2375 12.
779 2309 875 2373 -Ad
888 2312 1016 2373 Nireum
1027 2311 1247 2392 proficiscitur.
1263 2313 1309 2375 ld.

139 2411 205 2472 HA.
221 2412 252 2473 6.
270 2444 308 2460 -
322 2413 473 2475 Venimus
497 2413 536 2476 ad
550 2416 698 2476 Gantum.
714 2416 844 2476 Fortun.
870 2430 967 2475 earm
985 2413 1015 2489 6,
1033 2414 1062 2486 7,
1078 2414 1108 2475 1.
1123 2444 1165 2461 -
1177 2414 1256 2475 llum
1271 2411 1311 2475 od

138 2517 317 2581 Camenam
340 2521 506 2582 castellum
530 2522 703 2584 accederet.
728 2522 774 2583 16.
797 2519 949 2583 VSGcrm.
971 2520 1021 2582 59.
1041 2550 1081 2567 -
1104 2518 1151 2581 Ad
1172 2519 1312 2582 Parisius

137 2628 293 2705 pervenit.
309 2627 440 2705 Fredeg.
458 2628 507 2689 58.
524 2663 564 2673 -
583 2630 625 2689 111
646 2629 824 2704 thesauros,
840 2634 995 2709 quantum
1016 2631 1151 2708 poterat,
1170 2627 1312 2690 seeretis·

137 2733 218 2794 sime
233 2731 273 2795 cd
289 2732 421 2795 Sedunis
435 2754 526 2797 suam
540 2737 701 2798 civitatem
714 2736 911 2797 transferret.
922 2735 968 2796 16.
980 2738 1030 2796 ll.
1042 2769 1082 2781 -
1092 2736 1141 2797 Ad
1150 2735 1309 2799 Alaricum

135 2858 246 2921 regem
272 2842 448 2904 Gothorum
469 2844 591 2923 aufugit
610 2842 650 2905 ad
663 2843 776 2905 urbem
792 2843 971 2905 Tholosam.
988 2843 1075 2906 GRF.
1089 2842 1119 2917 9,
1135 2861 1168 2921 p.
1184 2844 1254 2919 517,
1271 2844 1307 2904 A.

136 2950 284 3011 -Tunc
307 2954 460 3012 venerunt
483 2950 523 3012 od
542 2952 680 3014 Troiam.
708 2951 796 3011 RLR.
823 2955 846 3013 t.
869 2950 921 3023 Vl,
947 2969 979 3031 p.
1002 2952 1073 3011 122.
1101 2984 1142 2994 -
1164 2950 1254 3023 Quod
1275 2951 1309 3016 in

136 3056 268 3118 dextera
291 3060 380 3136 perte
412 3058 450 3118 de
474 3057 581 3119 strada
604 3059 727 3137 estqui
757 3058 846 3119 vadit
871 3056 912 3120 66
940 3057 1162 3136 Pontileugua.
1198 3056 1306 3119 l'Bert.

137 3181 170 3243 p.
187 3162 257 3238 258,
274 3164 302 3224 1.
319 3197 359 3208 —-
374 3165 489 3226 Strada
502 3164 629 3245 publica
643 3165 698 3245 qui
717 3165 756 3226 de
770 3166 842 3245 ipsa
863 3169 956 3245 porta
970 3164 1130 3227 Parieiaee
1148 3163 1189 3227 od
1208 3162 1310 3226 Broile

136 3269 237 3332 vadit.
253 3270 340 3332 Ghbl.
357 3254 430 3344 363,
443 3289 474 3332 6.-
489 3272 558 3347 679,
575 3290 606 3352 p.
629 3274 698 3334 152.
719 3305 758 3316 --
772 3272 831 3345 Qui
850 3275 979 3352 propter
1000 3274 1099 3333 Deum
1116 3270 1156 3334 od
1175 3272 1309 3334 Romam

136 3377 189 3439 vel
207 3377 323 3440 alicubi
347 3379 476 3440 vadunt.
505 3379 604 3459 Capit.
629 3379 691 3439 PP.
710 3399 741 3441 a.
768 3381 837 3454 751,
864 3398 897 3458 p.
912 3380 963 3453 32,
980 3380 1008 3440 7.
1034 3381 1140 3440 —De
1164 3376 1310 3440 Baioaria

136 3484 301 3549 hiemandi
316 3489 419 3568 gratia
432 3485 473 3549 66
486 3487 731 3550 Franeonovurd
748 3487 881 3549 veniret.
898 3489 1003 3549 Form.
1023 3488 1103 3568 Imp.
1118 3488 1169 3559 19,
1185 3505 1217 3566 p.
1237 3487 1308 3559 323,

135 3593 189 3654 26.
206 3592 305 3656 -Ad
318 3594 457 3656 Vernum
476 3596 599 3657 evocati
623 3612 741 3656 sumus.
765 3594 864 3675 Capit.
892 3595 955 3657 KG.
971 3613 1001 3655 a.
1027 3595 1097 3670 811,
1122 3612 1154 3674 p.
1170 3594 1241 3667 383,
1256 3593 1306 3655 31.

133 3699 213 3762 Inde
236 3718 312 3764 vero
338 3701 379 3762 ad
403 3700 509 3780 gallici
532 3702 686 3764 sermonis
709 3719 802 3763 usum
826 3702 939 3762 merito
962 3702 1095 3762 transire
1119 3718 1308 3780 possumus:

135 3807 258 3870 Dreita
280 3808 394 3883 halica,
409 3826 471 3871 une
489 3809 564 3873 citet
588 3810 667 3873 molt
688 3809 767 3884 bele,
794 3809 854 3872 iloc
876 3810 986 3871 arivet.
1002 3808 1117 3884 Alexis,
1144 3810 1193 3871 17.
1209 3841 1249 3854 -
1262 3806 1310 3872 Gil

171 4121 205 4187 [ll
221 4122 355 4187 suspicari
369 4128 458 4174 amen
471 4122 578 4174 1166166
591 4124 661 4174 benc
676 4122 783 4175 urbium
800 4122 936 4174 nominum
949 4123 1157 4188 designationem
1168 4122 1196 4174 in
1205 4122 1311 4189 vulgari

140 4224 176 4263 ae
190 4211 323 4263 cotidiano
338 4224 459 4262 sermone
482 4212 646 4270 aoneurrieee
663 4214 692 4264 io
709 4227 771 4264 eum
790 4213 984 4278 praepositione
1003 4213 1049 4276 ad,
1077 4227 1140 4264 nam
1163 4226 1227 4264 usus
1245 4217 1310 4265 setis

137 4300 266 4365 frequens
279 4301 360 4351 velia
379 4302 489 4366 antiqua
509 4307 601 4353 nostra
621 4302 711 4368 lingua
721 4318 728 4354 :
740 4303 801 4354 Alat
811 4318 843 4354 ea
858 4303 925 4355 Aleis
943 4303 970 4354 le
991 4304 1062 4356 eitet.
1075 4303 1170 4366 Alexis,
1185 4304 1224 4355 l8.
1235 4330 1266 4342 -
1279 4303 1311 4354 111
1330 4309 1333 4314 ’

135 4389 243 4441 anveier
255 4403 366 4454 parrum
381 4405 413 4441 en
424 4391 581 4457 Sarreguce.
592 4391 649 4443 Hal.
669 4393 724 4442 115.
736 4420 767 4430 -
778 4392 810 4443 Je
827 4408 859 4444 en
872 4393 974 4459 Orenge
987 4392 1058 4444 n'ere
1080 4392 1150 4445 mais
1165 4393 1310 4459 repairant.

133 4479 265 4541 Miscens,
277 4479 333 4531 716.
