3084 5067
633 353 793 414 -ffl...

127 535 157 578 a.
175 517 243 591 713,
259 535 292 595 p.
305 517 376 579 111.
392 516 477 588 Quae
504 516 632 594 quidem
645 518 703 577 etsi
717 517 842 577 racior'a
868 518 1046 597 praecipua
1061 521 1297 584 nonimmerito

125 623 282 694 videntur,
298 640 371 684 cum
384 622 548 699 vulgarem
563 622 821 684 consuetudinem
836 628 942 702 aperte
956 625 1093 702 prodant
1107 630 1139 686 et
1157 627 1197 687 ad
1213 629 1297 688 simi-

124 728 258 790 lesinde
270 729 304 790 in
323 733 432 791 nostra
446 730 556 808 lingua
584 734 758 792 structuras
785 734 983 791 transeamus
999 749 1007 791 :
1023 732 1159 793 Fermail
1181 732 1251 795 d'or
1276 752 1296 795 a

125 854 186 898 son
198 834 250 898 col
263 836 391 900 fermer.
406 837 501 899 Ghev.
525 857 565 900 au
592 837 678 916 lyon,
696 837 785 900 1888.
795 870 836 883 -
850 838 1004 899 Vuissiers
1019 858 1038 900 e
1052 857 1161 918 passer
1183 846 1295 920 quatre

125 940 211 1003 mille
226 944 332 1005 etcinc
343 960 419 1006 cenz
435 945 581 1006 chevans.
602 943 716 1015 villoli,
732 944 782 1007 11.
799 976 838 990 -
852 945 895 1006 La
922 945 996 1007 tolle
1012 963 1031 1007 e
1055 946 1099 1007 lui
1128 948 1292 1013 ensevelir.

126 1048 233 1111 llouce
248 1051 360 1129 partie,
376 1051 446 1114 116.
933 1103 935 1109 .

165 1154 199 1237 h)
208 1156 313 1220 Altera
326 1157 362 1218 fit
375 1158 565 1221 constructio
575 1159 717 1237 quotiens
726 1158 766 1220 ad
774 1160 957 1237 insequente
967 1164 1091 1221 tantum
1099 1161 1294 1226 substantivo

124 1262 698 1345 sicnominicuilibetpostponitur-ut
721 1284 786 1327 non
813 1267 877 1327 iam
898 1267 1084 1344 posterioris
1097 1269 1226 1346 quidam
1248 1272 1295 1331 rei

123 1371 355 1449 possessionem
370 1372 425 1434 sed
452 1373 567 1452 prioris
592 1373 831 1434 destinationem
859 1373 961 1451 signet
974 1378 1067 1453 atque
1081 1375 1218 1452 genetivi
1240 1374 1295 1456 qui

125 1475 240 1539 dicitur
252 1478 338 1557 apud
351 1480 544 1540 recentiores
563 1480 787 1559 grammaticos
798 1479 897 1541 verbo
925 1498 1041 1559 parum.
1051 1480 1153 1543 latino
1166 1480 1292 1544 obiecti-

123 1599 188 1659 vus,
213 1585 493 1665 circumscriptioni
520 1586 681 1648 inserviat.
701 1585 782 1647 Satis
800 1586 865 1648 iam
879 1586 1026 1666 irequens
1041 1587 1126 1667 apud
1149 1593 1294 1650 auctores

124 1690 251 1753 Latinos
270 1694 437 1754 occurrit:
464 1692 514 1755 Nil
537 1693 649 1755 aderat
671 1693 845 1756 adiumenti
868 1693 908 1756 ad
921 1692 1200 1773 pulchritudinem.
1221 1696 1295 1758 Ter.

123 1797 255 1863 Phorm.
270 1800 339 1863 106.
354 1831 395 1847 -
406 1800 494 1863 Hane
508 1819 637 1863 causam
650 1801 768 1863 habeat
781 1799 822 1862 cd
835 1798 996 1888 iniuriam.
1012 1802 1077 1863 (lic.
1093 1800 1131 1862 de
1146 1800 1200 1862 oli.
1214 1802 1243 1875 3,
1259 1801 1290 1877 6,

122 1904 174 1966 31.
190 1884 496 1985 -Op'portunitatcs
511 1907 550 1969 ed
561 1907 679 1970 cultum
692 1907 870 1971 hominum.
884 1908 930 1967 ld.
942 1907 981 1969 de
995 1912 1062 1971 nat.
1079 1907 1167 1971 deor.
1182 1909 1212 1984 1,
1238 1909 1291 1972 61.

120 2009 340 2091 -Adiugam
354 2013 451 2076 locun.
469 2014 555 2077 Gurt.
576 2017 607 2086 1,
632 2015 681 2089 11,
708 2016 745 2076 15
759 2014 813 2095 (l).
837 2015 1026 2093 Praesertim
1054 2016 1081 2075 si
1106 2014 1147 2076 ad
1171 2033 1293 2076 munus

122 2118 260 2197 aliquem
275 2122 365 2199 quasi
379 2121 532 2200 deputare
545 2120 653 2194 velint,
669 2126 704 2182 ut
718 2124 749 2182 in
764 2121 814 2183 his
828 2140 835 2182 :
849 2123 963 2183 Servus
972 2120 1012 2183 ad
1023 2139 1163 2184 manum.
1177 2121 1238 2185 [lic.
1253 2122 1292 2183 de

122 2229 203 2287 orat.
220 2227 308 2299 3,66.
324 2260 364 2274 -
376 2225 423 2289 Ad
444 2228 588 2290 lecticam
614 2228 769 2290 homines.
796 2228 907 2293 Catuli.
937 2230 986 2303 10,
1002 2229 1101 2290 16.-
1114 2229 1292 2308 Lygdamus

120 2331 161 2394 ad
172 2334 312 2413 cyathos.
329 2336 472 2415 Propert.
487 2339 517 2410 1,
534 2338 563 2411 8,
576 2338 615 2398 37
638 2334 692 2417 (1).
718 2338 763 2398 Ea
778 2336 900 2398 dicendi
914 2334 1081 2414 peculiaris
1101 2335 1237 2398 formula
1259 2337 1293 2396 in

121 2456 186 2519 qua
201 2442 371 2504 subaudias
397 2442 468 2505 licet
494 2442 728 2506 ministrandum
741 2442 792 2505 vel
806 2442 891 2504 aliud
910 2444 1128 2505 huiuscemodi
1146 2443 1290 2520 verbum,

119 2547 165 2607 ita
179 2548 325 2629 deinceps
339 2551 440 2629 viguit
467 2556 502 2611 ut
515 2552 549 2612 iu
561 2548 817 2629 inscriptionibus
832 2551 943 2611 aetatis
966 2551 1138 2629 imperialis
1152 2550 1193 2610 ad
1207 2551 1290 2611 desi-

118 2655 493 2732 gnandaotiiciariorium
507 2675 641 2718 munera
653 2656 904 2734 frequentissime
927 2656 1247 2736 accommodeturld).

161 2762 246 2835 Quae
264 2782 341 2827 vero
361 2764 445 2844 apud
465 2764 691 2841 llerovingicos
705 2762 755 2825 vel
769 2760 938 2826 Karolinos
960 2762 1131 2842 specimina
1151 2760 1290 2843 reperias

119 2888 204 2933 nunc
229 2873 455 2951 proponantur,
482 2888 554 2933 cum
574 2869 707 2932 latinam
729 2887 793 2931 nou
814 2870 894 2932 adeo
919 2869 1070 2931 excedere
1090 2868 1290 2932 consuetudi-

119 2995 194 3039 nem
218 2978 384 3040 videantur
401 2995 409 3039 :
435 2977 520 3049 Quae
545 2979 627 3039 Deus
640 2981 695 3038 tua
708 2975 793 3048 iecit,
804 2980 912 3038 nonut
926 2976 1088 3038 causatihi
1101 2974 1141 3038 ed
1156 2981 1290 3037 mortem

119 3084 177 3145 sed
193 3089 227 3146 ut
239 3086 375 3165 pretium
389 3083 429 3147 ad
442 3085 540 3147 vitam
553 3084 668 3147 forent.
683 3084 771 3146 Paul.
788 3083 858 3146 Nol.
875 3101 925 3163 ep.
942 3084 992 3156 35,
1008 3085 1090 3145 6.-
1108 3081 1238 3162 Signum
1252 3083 1292 3145 cd

117 3190 292 3254 matutinus
312 3196 430 3254 motum
438 3196 494 3254 est.
511 3192 604 3272 Greg.
617 3192 689 3254 Tur.
706 3192 769 3253 tin.
785 3192 815 3267 3,
836 3189 1289 3271 15.-Gumsignnmadcur-

141 3410 185 3481 ’(1)
199 3414 236 3467 (ll.
252 3414 377 3481 Draegcn
388 3414 455 3466 ilict.
465 3414 552 3480 spot,
564 3420 584 3466 t
597 3414 617 3477 l,
629 3428 655 3480 p.
668 3415 723 3469 681.

140 3504 195 3571 ’(1).
208 3504 246 3557 cf.
256 3503 404 3566 Tursellim,
417 3517 475 3569 cap.
489 3503 512 3566 8,
524 3508 537 3566 6
548 3502 571 3566 3,
585 3503 607 3555 1.

152 3594 187 3659 (3)
198 3594 277 3645 Cuius
292 3593 330 3643 rei
341 3605 389 3657 par
402 3604 431 3643 se
445 3593 509 3643 satis
529 3598 609 3644 notae
625 3593 745 3657 exempla
764 3597 854 3643 tamen
873 3593 1003 3657 quacum
1018 3592 1153 3657 proferam
1165 3605 1180 3642 e
1194 3602 1289 3643 monu-

119 3684 216 3736 mentis
229 3684 402 3749 epigraphicis
421 3685 600 3749 deprompta:
616 3684 691 3734 Proe.
710 3681 747 3733 cd
767 3683 902 3734 alimenta.
917 3682 976 3733 cii..
991 3683 1014 3744 6,
1030 3682 1098 3732 1631.
1115 3705 1146 3718 -
1160 3683 1238 3732 Prae.
1255 3680 1292 3731 ad

119 3786 256 3826 annonam
268 3775 378 3839 [olstiae.
391 3775 428 3826 lb.
445 3775 550 3835 61633.
566 3800 597 3810 -
613 3774 688 3823 Proc.
704 3773 770 3837 Aug.
784 3770 821 3823 ad
832 3786 925 3823 curam
940 3771 1065 3835 gentium.
1081 3772 1119 3824 lb.
1135 3770 1158 3832 8,
1175 3771 1245 3821 3311.
1261 3796 1291 3807 -

120 3864 196 3916 Proe.
209 3863 246 3915 ad
257 3864 397 3915 solaminis
411 3869 436 3914 at
448 3864 555 3914 horrea.
568 3862 606 3914 lb.
617 3861 640 3923 8,
652 3863 708 3914 613.
728 3889 759 3898 -
777 3863 886 3914 Procur.
902 3862 1081 3926 Augustorum
1100 3859 1138 3911 ad
1154 3872 1289 3911 annonam

118 3951 270 4018 provinciae
280 3953 486 4017 Narho[n]ensis.
497 3944 611 4018 'Herzog
624 3952 678 4001 313.
692 3978 722 3987 -
734 3950 796 4016 Lag.
811 3951 876 4015 Aug.
890 3952 919 4002 P.
935 3952 963 4002 Ρ.
978 3949 1015 4000 ad
1030 3963 1124 4000 census
1137 3949 1290 4013 provincias

120 4042 310 4108 Lugdunensis.
322 4041 480 4101 wilmanns,
494 4040 562 4091 1163.
575 4067 605 4077 -
615 4039 786 4105 cognoscenti
800 4038 837 4090 ad
848 4053 940 4090 sacras
952 4052 1013 4104 app.
1025 4039 1064 4091 lh.
1077 4040 1146 4088 1116.
1158 4065 1189 4074 -
1201 4036 1287 4088 Adiut.

118 4130 156 4182 ad
170 4145 240 4183 cens.
253 4132 291 4182 lb.
304 4133 373 4181 1191.
389 4157 419 4167 -
433 4130 503 4195 Disp.
518 4127 556 4180 ad
565 4127 658 4180 fiscum
671 4128 798 4179 Gallicum
812 4129 962 4192 provinciae
975 4128 1163 4192 Lugdunensis.
1176 4127 1214 4176 lb.
1234 4125 1288 4177 386.

119 4248 150 4258 -
162 4221 190 4272 L.
201 4220 274 4272 Fufio
284 4221 408 4284 Equestro
421 4219 476 4270 mil.
492 4219 551 4270 coh.
568 4219 635 4270 xvii
651 4217 840 4284 Lugduniensis
858 4216 895 4268 ad
913 4224 1056 4268 monetam.
1076 4215 1289 4280 Rer.1ipigr.du

119 4310 182 4361 illidi
195 4310 228 4361 de
239 4310 265 4361 la
275 4311 385 4370 Franco,
395 4309 449 4360 133.
460 4335 491 4345 -
500 4308 671 4372 Philargurus
683 4307 769 4357 liviae
780 4304 818 4356 ad
827 4307 943 4358 valetud.
955 4307 1015 4357 cin.
1027 4307 1051 4367 6,
1061 4304 1132 4357 9985.
1144 4304 1288 4355 -Primus

117 4398 258 4453 Messallae
275 4396 313 4450 ad
327 4398 468 4449 valetudin.
483 4396 522 4447 lb.
537 4396 561 4458 6,
576 4395 646 4448 1176.
659 4422 690 4433 -
703 4394 891 4460 [Ph]ospliorus
909 4395 1025 4446 Marcell.
1048 4393 1085 4446 cd
1099 4395 1191 4458 supell.
1206 4394 1244 4445 lb.
1262 4394 1286 4454 6,

118 4490 190 4540 iiii.
203 4515 234 4527 -
247 4487 356 4541 Titulcia
368 4487 462 4539 nobilis
474 4487 588 4538 clemens
599 4485 665 4552 Aug.
677 4484 714 4536 ad
724 4485 849 4549 supolcct.
861 4484 899 4535 lb.
914 4486 939 4546 6,
949 4484 1021 4536 3619.
