3084 5067
551 765 960 861 CONC'LVSIO

203 1204 256 1264 Ex
267 1202 398 1281 iisquae
420 1199 571 1282 proposui
599 1200 751 1281 exemplis
778 1202 1004 1281 propositaque
1018 1201 1112 1279 prout
1125 1198 1213 1279 potui
1227 1197 1336 1260 ordine

169 1308 283 1388 digessi
307 1307 493 1371 brevissime
507 1307 694 1371 concludere
710 1306 805 1370 velim
821 1313 851 1369 et
873 1325 913 1370 ex
924 1326 983 1368 usu
1003 1307 1187 1369 Latinorum
1202 1304 1243 1366 ad
1267 1304 1337 1366 intl-

170 1433 258 1478 mam
275 1418 320 1477 ita
346 1416 417 1478 aevi
440 1414 642 1494 llerovingici
665 1414 856 1477 latinitatem
879 1415 1050 1477 adtendere
1064 1419 1100 1475 ut
1119 1413 1338 1491 finiaturquos

170 1523 360 1604 praepositio
374 1522 534 1586 adsensus
548 1524 716 1586 servaverit
732 1524 950 1599 autamiserit;
967 1540 1048 1601 quos
1063 1522 1175 1584 eadem
1190 1524 1338 1601 quaestus

171 1629 323 1709 plurimos
337 1631 458 1694 lecerit.
473 1629 523 1692 Sic
538 1630 622 1692 enim
632 1629 834 1710 quasiaequa
847 1630 937 1692 lance
947 1628 1088 1709 quaestio
1102 1628 1212 1690 librari
1226 1630 1337 1709 possit,

171 1734 359 1816 dabiturque
394 1735 480 1817 leges
507 1741 538 1800 et
572 1735 770 1800 condiciones
804 1754 917 1817 capere
951 1736 1066 1817 quibus
1098 1736 1267 1797 immutata
1299 1736 1341 1796 sit

172 1845 342 1921 syntaxeos
355 1843 448 1905 ratio.

212 1946 245 2009 Si
281 1950 321 2011 ad
345 1951 410 2011 mm
436 1949 680 2031 praepositionis
706 1949 747 2012 od
768 1948 903 2011 localem
931 1955 1065 2030 spectes,
1094 1967 1176 2030 quae
1199 1950 1341 2029 prolecto

172 2056 310 2133 genuina
320 2056 379 2117 luit
392 2061 424 2118 et
437 2058 578 2137 propria,
594 2075 665 2119 eam
688 2057 773 2136 apud
798 2058 867 2118 aevi
880 2057 1084 2136 llerovingici
1098 2055 1265 2137 scriptores
1278 2056 1342 2135 sig-

173 2180 249 2223 nare
266 2163 370 2225 dicam
384 2167 419 2224 ut
432 2164 517 2243 apud
532 2165 692 2226 Romanos
700 2163 942 2226 translationem
951 2164 992 2226 sd
1001 2163 1106 2226 locum
1118 2162 1214 2225 velud
1224 2181 1342 2225 novum

174 2270 332 2348 quendam
344 2275 470 2346 statum,
487 2270 605 2334 scilicet
619 2273 886 2352 propinquitatem
895 2289 976 2351 quae
990 2270 1026 2331 lit
1041 2288 1096 2350 per
1111 2272 1339 2346 accessionem;

173 2378 299 2455 signare
312 2380 408 2440 etiam
422 2379 698 2460 propinquitatem,
720 2397 801 2460 quae
822 2398 860 2441 ex
883 2377 996 2440 initiali
1015 2380 1171 2458 positione
1185 2380 1340 2459 provenit,

175 2483 301 2545 exclusa
315 2485 463 2547 movendi
476 2487 615 2550 notione.
639 2487 716 2548 Gum
739 2491 844 2548 autem
868 2484 973 2547 finalis
987 2487 1032 2547 ita
1047 2486 1108 2548 dici
1123 2485 1222 2565 possit
1234 2483 1342 2547 termi-

174 2608 244 2666 nus,
259 2595 293 2652 ut
305 2595 433 2671 praeter
447 2593 651 2656 directionem
665 2594 698 2654 in
714 2611 752 2655 se
780 2593 927 2655 movendi
951 2610 1075 2673 quoque
1091 2610 1217 2656 causam
1245 2590 1343 2654 conti·

174 2701 258 2771 neat,
274 2698 466 2778 praepositio
481 2698 565 2779 apud
577 2699 817 2778 Merovingicos,
834 2700 947 2760 eadem
961 2701 1085 2762 ratione
1099 2717 1161 2778 qua
1175 2699 1277 2760 Latini
1295 2699 1343 2759 usi

175 2808 259 2877 sunt,
275 2804 372 2868 linem
385 2806 470 2869 hunc
484 2804 675 2870 destinatum
688 2807 808 2869 indicat
822 2804 1004 2885 insequente
1019 2807 1204 2886 praesertim
1229 2823 1344 2885 gerun-

176 2910 228 2972 dio
242 2929 249 2972 :
262 2912 342 2974 adde
356 2914 442 2991 quod
455 2917 527 2993 post
539 2912 756 2976 subtantivum
769 2930 887 2975 nomen
899 2918 1105 2976 concurrente
1120 2912 1276 2991 gerundio
1291 2919 1345 2975 aut

175 3016 237 3079 alio
259 3017 437 3082 subtantiro
460 3018 597 3097 genetivi
621 3037 718 3101 prope
743 3020 891 3082 obiectivi
913 3021 997 3082 vices
1021 3024 1057 3081 ut
1083 3019 1159 3082 olim
1177 3025 1293 3081 teneat.
1311 3018 1344 3082 Si
1408 3025 1410 3028 ’

175 3142 251 3186 vero
278 3127 319 3188 ad
345 3125 535 3206 temporales
563 3144 681 3201 sensns,
708 3128 763 3206 qui
788 3126 915 3190 excluso
939 3131 1027 3188 motu
1046 3127 1257 3201 declarantur,
1271 3127 1344 3190 inde

177 3234 330 3307 transeas,
346 3233 519 3295 notandum
533 3231 679 3313 inprimis
693 3233 831 3295 arbitror
844 3237 952 3314 utpote
972 3232 1035 3295 late
1050 3235 1158 3313 vigens
1180 3233 1345 3297 celeberri-

177 3356 265 3400 mum
299 3340 360 3403 hoc
396 3341 521 3404 dicendi
555 3358 655 3419 genus
682 3341 723 3401 ad
751 3341 1001 3419 designationem
1030 3340 1270 3421 consequentiae
1295 3340 1345 3404 vel

179 3446 417 3508 coniunctorum
431 3451 610 3521 eventuum,
625 3445 719 3508 rebus
733 3447 815 3508 inter
838 3464 872 3509 se
885 3446 935 3509 vel
949 3448 994 3509 ita
1011 3446 1251 3510 cohaerentibus
1266 3446 1345 3507 utin

177 3550 311 3613 alteram
325 3554 413 3632 prior
426 3570 577 3632 magnum
590 3558 783 3615 momentum
796 3553 925 3618 babeat.

219 3660 262 3719 De
276 3675 425 3744 sensuum
445 3659 573 3721 iacturis
594 3659 713 3740 aliquid
724 3658 878 3740 suspicari
892 3660 975 3735 licet,
993 3662 1020 3722 si
1041 3660 1144 3721 minus
1158 3661 1199 3722 ad
1213 3660 1345 3741 scripto·

178 3782 230 3826 res
242 3765 422 3828 adtenderis
435 3767 489 3846 qui
503 3766 604 3829 bonae
618 3767 781 3830 latinitatis
791 3767 902 3829 florem
916 3766 1060 3848 quamvis
1073 3766 1230 3829 interdum
1240 3770 1345 3848 inepte

178 3870 311 3934 retinere
326 3871 431 3935 conati
445 3877 528 3947 sunt,
541 3891 636 3952 quam
651 3873 691 3935 ad
704 3879 851 3936 auctores
865 3875 1046 3936 rusticitatis
1060 3892 1133 3937 reos
1148 3879 1179 3936 et
1189 3876 1346 3936 deteriora

178 3978 249 4041 aevi
272 3980 490 4041 instrumenta.
503 3979 651 4042 Amisisse
672 3981 803 4059 quidem
829 3981 953 4043 videtur
980 3980 1172 4061 praepositio
1197 3998 1345 4043 sensuum

179 4085 361 4148 discrimina
375 4085 732 4174 quibuselegantissime
746 4089 778 4148 et
790 4085 953 4148 indefinito
967 4088 1062 4150 modo
1076 4087 1247 4151 notabatur
1261 4091 1346 4168 apud

181 4192 306 4254 Latinos
316 4193 439 4255 numeri
453 4193 503 4255 vel
516 4195 667 4273 temporis
690 4196 877 4256 coniectura.
893 4196 957 4256 Nec
978 4196 1111 4257 eandem
1130 4195 1346 4260 adservarisse

67 4344 70 4348 >
181 4298 314 4360 dixerim
328 4299 388 4360 nisi
401 4299 582 4362 notionibus
594 4300 684 4364 nouis
698 4300 919 4364 accedentibus
933 4301 993 4362 has
1005 4301 1093 4364 modi
1102 4300 1346 4381 significationes

180 4422 261 4488 quae
276 4405 352 4468 olim
367 4408 593 4486 comparationi
614 4408 870 4469 accommodatae
892 4412 966 4469 sunt
981 4406 1219 4471 allocutionum
1238 4424 1345 4470 secura

175 4503 261 4583 dom,
277 4503 355 4584 qood
368 4502 529 4572 moad
543 4506 607 4568 rim
616 4521 653 4568 sc
663 4522 790 4568 sensum
804 4510 1126 4585 repraesentaverunt.
1137 4505 1344 4588 Quare-paulo
