3084 5067
751 359 910 420 ..11-

242 521 282 582 ad
300 518 404 600 prisca
417 521 618 581 monumenta
632 517 760 591 adtinet,
777 517 930 598 particula
944 520 963 580 d
977 517 1174 599 praedictum
1188 535 1317 580 sensum
1330 518 1409 579 reti-

242 625 347 686 nuisse
360 627 483 688 videtur
497 626 662 705 praecipue
679 629 751 704 post
763 626 916 687 adiectiva
930 642 1010 704 quae
1025 625 1110 686 velut
1127 625 1211 705 utile,
1230 624 1297 699 don,
1311 624 1409 704 proti-

242 732 322 794 11111
333 732 461 794 finalem
475 738 581 811 aperte
595 732 754 793 notionem
769 732 933 792 exhibent:
951 732 1014 792 Gist
1027 736 1098 793 sunt
1111 732 1172 793 bon
1188 731 1407 794 ocunfundre.

128 915 132 926 Ι
243 841 312 903 aot.
330 840 419 902 1199.
434 872 475 885 -
489 838 559 901 Utle
574 856 591 900 e
605 838 805 917 profitables
825 857 900 899 mon
924 857 972 901 os.
996 840 1083 912 Rois,
1099 858 1130 917 p.
1148 840 1216 901 113.
1233 840 1409 900 -Aceste

241 965 333 1009 amor
351 951 422 1008 sunt
439 951 512 1026 pres
534 951 564 1006 et
577 950 709 1024 prestes
725 947 818 1020 Base,
830 946 920 1008 6511.
932 947 976 1006 Ν1
991 944 1185 1007 obliviscaris
1195 947 1255 1007 has
1266 944 1411 1023 designa-

240 1053 354 1127 tiones,
376 1051 452 1114 satis
472 1071 563 1115 raras
580 1053 628 1112 >in
655 1053 785 1131 antiquo
813 1069 971 1125 sermone,
1000 1053 1100 1115 multo
1127 1052 1355 1133 frequentiores
1376 1053 1410 1114 in

241 1160 364 1240 scriptis
383 1161 423 1223 ad
437 1159 596 1240 exemplar
613 1160 795 1221 Latinorum
810 1160 1006 1222 documentis
1020 1179 1187 1242 apparere.

281 1268 323 1329 Ut
335 1267 472 1330 breviter
485 1285 565 1346 quae
579 1268 673 1329 tertio
688 1267 750 1328 hoc
773 1265 874 1346 capite
891 1267 1022 1347 exposui
1044 1269 1281 1342 contrahantur,
1297 1268 1410 1330 ohser-

240 1392 351 1437 vemus
368 1373 633 1454 praepositionem
646 1372 686 1434 ad
699 1373 865 1435 retinuisse
885 1376 917 1435 in
933 1373 1147 1452 merovingica
1167 1375 1323 1437 latinitate
1343 1376 1410 1437 vim

240 1479 379 1554 finalem,
390 1481 455 1542 sive
464 1481 644 1558 insequatur
654 1497 769 1542 nomen
782 1481 1023 1557 substantivum,
1035 1482 1100 1543 sive
1111 1481 1410 1561 gerundium,'quod

241 1588 456 1649 Romanorum
471 1585 566 1648 etiam
579 1586 797 1649 consuetudini
811 1586 913 1665 magis
928 1588 1213 1651 accommodatum.

280 1693 313 1756 Si
326 1712 402 1756 vero
417 1694 458 1755 ad
472 1696 618 1753 naturam
631 1694 796 1754 nominum
811 1711 828 1754 e
843 1693 955 1773 quibus
969 1694 1124 1774 particula
1135 1696 1251 1774 pandet
1273 1700 1407 1775 spectes,

240 1799 454 1862 animadverte
469 1798 663 1860 substantiva
674 1804 708 1860 et
723 1799 876 1861 adiectiva
889 1800 997 1862 usibus
1010 1804 1231 1866 tantummodo
1241 1803 1406 1877 inservire,

240 1907 292 1988 qui
307 1908 377 1987 plus
397 1910 501 1969 minua
522 1908 668 1988 syntaxin
687 1907 820 1969 latinam
843 1908 992 1971 referant.
1013 1909 1090 1970 Gum
1114 1915 1219 1971 autem
1243 1912 1408 1991 pendeate

238 2014 342 2076 verbis
357 2014 522 2093 particula,
538 2015 588 2075 his
601 2012 679 2076 loeis
694 2032 767 2078 vere
782 2033 881 2076 novas
896 2016 1143 2077 constructiones
1156 2017 1293 2094 viguisse
1303 2017 1408 2080 diuam

238 2126 270 2183 et
282 2120 551 2200 perturbationem
564 2120 714 2200 loquendi
725 2139 789 2182 non
804 2121 996 2183 mediocrem
1010 2122 1125 2200 detegi.
1141 2123 1251 2184 Potest
1261 2126 1345 2185 enim
1355 2123 1406 2197 ad,

238 2226 319 2289 sicut
331 2226 415 2307 apud
430 2228 565 2305 Latinos,
584 2228 734 2289 orationis
748 2228 892 2288 membro
915 2229 1006 2306 quasi
1028 2235 1173 2308 separato
1194 2232 1258 2292 vim
1278 2230 1408 2299 finalem

237 2334 401 2414 praebere.
415 2336 477 2397 Sed
491 2354 530 2396 ex
542 2335 596 2397 iilo
613 2337 829 2414 ganniacum,
846 2333 928 2396 mira
939 2336 1077 2413 quadam
1087 2342 1254 2417 syntaxeos
1266 2356 1408 2401 commu·

238 2441 365 2518 tatiane,
391 2441 492 2521 magis
507 2460 544 2504 ac
566 2443 667 2520 magis
693 2460 729 2504 eo
748 2442 904 2521 particula
927 2443 1025 2503 tendit
1050 2448 1084 2504 ut
1105 2443 1188 2506 inter
1201 2447 1409 2526 praecipuum

238 2548 368 2610 verbum
397 2554 427 2610 et
451 2548 638 2610 infinitivum
662 2567 719 2628 pro
743 2550 897 2627 gerundia
925 2547 1063 2628 positum
1077 2552 1407 2632 intercidattanquam

223 2654 349 2734 'copula
364 2674 372 2715 t
390 2654 516 2716 finalem
537 2654 755 2717 necessitatem
779 2655 965 2735 interposito
992 2656 1188 2719 substantivo
1213 2664 1285 2739 post
1308 2661 1408 2722 verba

236 2761 375 2823 habendi
383 2766 414 2823 et
421 2762 516 2823 dandi
530 2760 700 2841 significan
710 2763 819 2835 immo,
828 2763 944 2823 amisso
957 2781 1054 2842 prope
1069 2762 1156 2824 finali
1169 2782 1275 2841 sensu,
1284 2785 1408 2829 accom-

238 2868 362 2930 modari
375 2873 480 2949 potest
493 2869 637 2931 relationi
650 2887 713 2948 qua
727 2868 850 2930 initium
865 2869 980 2947 agendi
991 2869 1185 2933 declaratum
