3084 5067
641 362 800 423 ..79-

136 509 210 594 dem
223 528 406 593 insolentius
420 529 498 590 illud
514 547 520 589 :
537 528 640 607 Usque
660 527 700 587 ad
725 523 973 604 primogenitum
990 522 1129 601 captivae
1153 540 1233 600 quae
1253 526 1302 584 est

134 640 176 700 od
197 639 299 701 lacum
314 636 325 718 t
340 664 380 695 =
398 636 426 697 ἐν
444 647 484 720 τῷ
504 635 613 715 λάκκῳ,
639 631 730 709 Vulg.
746 632 780 692 in
804 628 946 709 carcere).
973 627 1099 690 Hieron.
1117 629 1188 689 adv.
1206 628 1296 690 Helv.

135 747 227 822 4,436
243 744 296 826 (4).

175 851 305 925 Quodsi
330 848 401 911 inde
423 850 463 911 ad
484 846 553 910 aevi
567 844 769 925 merovingici
784 845 833 906 vel
847 844 982 905 karolini
1002 842 1190 905 latinitatem
1213 847 1300 905 tran·

133 978 215 1034 scas,
237 956 418 1037 saepissime
433 954 465 1016 in
485 953 687 1034 scriptoribus
710 951 973 1030 praepositionem
994 950 1075 1031 opud
1088 951 1227 1031 reperias
1245 969 1300 1010 ur-

132 1066 221 1125 bium
235 1064 423 1144 praesertim
435 1060 613 1123 nominibus
629 1059 910 1122 accommodatam.
927 1057 1020 1119 Cuius
1035 1058 1090 1133 rei,
1108 1075 1178 1119 cum
1197 1058 1299 1118 imita·

132 1171 211 1232 tioni
224 1172 406 1232 Latinorum
415 1168 486 1249 plus
496 1169 599 1228 minus
615 1168 802 1247 depravatae
813 1164 906 1226 tribui
919 1184 1010 1244 posse
1020 1165 1173 1238 videatur,
1183 1165 1300 1226 nedum

132 1277 205 1340 usui
228 1278 361 1358 vulgari,
377 1296 477 1357 pauca
497 1280 618 1338 tantum
634 1275 805 1355 specimina
826 1291 1026 1354 proponam:
1049 1271 1128 1353 Aput
1143 1271 1300 1336 civitatem

133 1387 309 1447 Romanam
325 1402 405 1446 esse.
422 1383 514 1463 Greg.
537 1383 610 1443 Tur.
636 1382 700 1445 HF.
716 1382 745 1455 1,
761 1382 811 1441 25.
828 1412 868 1426 -
880 1378 967 1459 Apnd
981 1379 1173 1442 Placentiam
1187 1375 1298 1440 urbem

131 1492 298 1571 episcopus
313 1488 495 1552 ordonatur.
509 1488 554 1551 ld.
570 1486 612 1551 ib.
629 1488 658 1564 t,
676 1489 725 1547 44.
741 1520 782 1534 -
794 1484 881 1567 Apnd
894 1485 1032 1548 Parisios
1041 1487 1129 1550 obiit.
1144 1487 1190 1547 ld.
1208 1485 1250 1548 ib.
1267 1486 1297 1561 2,

129 1598 181 1657 43.
195 1630 233 1642 -
248 1593 335 1676 Apta
348 1595 548 1657 Andecavam
562 1591 673 1656 urbem
687 1600 773 1657 terra
785 1594 922 1655 tremuit.
938 1593 983 1655 id.
999 1594 1042 1655 ib.
1056 1594 1085 1671 6,
1103 1593 1152 1655 st.
1162 1591 1299 1673 -Apud

129 1702 280 1765 Parisius.
298 1703 409 1781 Eginh.
426 1701 492 1764 vit.
508 1702 538 1775 3,
558 1721 589 1782 p.
606 1704 655 1778 90,
673 1704 706 1764 G.
723 1736 762 1747 -—
777 1701 937 1783 Synodum
951 1700 1110 1781 publicum
1130 1699 1299 1761 celebravit

129 1808 212 1889 opud
226 1808 485 1870 Paderbrunnen.
501 1809 589 1868 AltF.
604 1827 636 1887 p.
653 1810 703 1884 44,
719 1809 756 1869 A.

170 1916 277 1995 Neque
292 1913 472 1976 addubitari
486 1918 589 1994 potest
602 1916 677 1994 quin
691 1914 854 1995 ingruente
868 1912 1098 1975 barbariahuic
1112 1910 1255 1975 relationi
1267 1910 1299 1972 in

127 2022 197 2101 ipso
212 2021 281 2082 loco
302 2019 405 2081 standi
418 2020 469 2082 vel
491 2007 710 2083 commanendi
731 2021 885 2101 particula
898 2020 938 2082 cd
953 2020 1050 2081 multo
1065 2020 1136 2099 plus
1151 2018 1298 2081 inservie-

128 2126 180 2187 rit.
207 2126 354 2199 Quamvis
376 2128 460 2189 hunc
482 2146 575 2189 usum
590 2127 654 2189 iam
670 2127 770 2188 Latini
795 2127 1009 2207 cognoverint,
1026 2127 1200 2205 praevaluit
1223 2144 1298 2188 sane

127 2241 229 2298 aetate
245 2237 460 2314 merovingica
473 2233 504 2297 in
520 2255 664 2298 sermone
676 2236 800 2315 vulgari
814 2235 866 2317 (2),
881 2241 952 2298 cnm
967 2240 998 2297 et
1011 2241 1066 2315 per
1081 2253 1114 2295 se
1128 2233 1298 2296 declaratio

127 2344 257 2406 exclusa
272 2343 419 2405 movendi
432 2346 559 2406 notione
575 2346 614 2405 sit
623 2342 761 2425 apertior
775 2346 806 2404 et
817 2361 910 2423 saepe
920 2342 970 2404 vel
980 2342 1161 2405 nominibus
1172 2340 1297 2402 urbium

126 2451 396 2512 accommodetur.
416 2449 500 2513 Haec
515 2452 665 2513 accedant
675 2450 819 2530 exempla
835 2468 842 2511 :
858 2448 905 2511 Ad
920 2451 1036 2511 Mamre
1051 2455 1199 2529 querceta
1208 2454 1298 2527 pater

125 2559 263 2620 tentoria
281 2557 359 2637 tigit.
376 2556 421 2621 Gl.
437 2559 516 2622 Mar.
531 2560 564 2619 in
578 2558 654 2620 Gen.
671 2560 700 2632 3,
717 2577 749 2637 p.
765 2559 836 2630 969,
854 2559 889 2618 D.
907 2555 1005 2618 -Ad
1026 2556 1189 2619 basilicam
1213 2553 1297 2617 beati

124 2663 275 2739 Vincenti,
292 2683 388 2743 quam
412 2666 479 2745 ipse
502 2670 729 2738 construxerat,
746 2669 794 2726 est
808 2662 957 2744 sepultus.
976 2663 1067 2743 Greg.
1094 2664 1167 2724 Tur.
1185 2662 1246 2722 tiu.
1263 2664 1294 2739 4,

125 2773 176 2833 20.
193 2770 293 2833 -Ad
315 2773 471 2834 civitatem
486 2790 562 2834 vero
582 2770 770 2834 Turonicam
793 2767 935 2833 Berulius
959 2772 1023 2831 dux
1047 2788 1118 2831 cum
1141 2769 1296 2831 Eunomio

157 3063 199 3127 (4).
213 3063 250 3115 (tt.
263 3065 387 3130 Draeger,
402 3063 470 3116 Hist.
484 3063 571 3129 Syna,
588 3070 606 3115 t.
618 3064 638 3125 4,
650 3078 676 3129 p.
689 3065 743 3115 ert.
764 3090 796 3101 -
807 3064 895 3115 Addas
907 3063 987 3114 etiam
1010 3062 1070 3114 licet
1080 3076 1145 3112 usne
1160 3061 1297 3125 praepon-

122 3153 203 3204 tionis
214 3152 251 3203 od
265 3153 454 3219 geographicas
473 3166 552 3217 quarn
568 3154 716 3218 plurimos:
741 3155 769 3204 44
781 3154 809 3204 in
819 3153 922 3204 Notitio
939 3151 1103 3219 dipnitatnm
1119 3152 1230 3217 (recens.
1244 3150 1296 3201 Ed.

122 3242 265 3308 Boeokiug,
284 3242 553 3304 Bonnee,1839-53,4
570 3242 650 3303 roll:
673 3242 818 3295 Auxiliares
831 3244 964 3293 Norenses
977 3240 1019 3292 Ad
1037 3243 1135 3293 Nonas.
1157 3241 1177 3303 l,
1197 3254 1222 3304 p.
1240 3241 1295 3301 105,

120 3333 163 3383 43.
174 3358 204 3367 -
214 3331 344 3382 tribunus
355 3332 471 3382 cohortis
480 3330 517 3381 ad
526 3332 641 3397 Borgnm
650 3331 844 3382 Centenarium.
856 3332 888 3393 14,
899 3345 924 3395 p.
938 3331 977 3392 si,
993 3334 1016 3383 2.
1026 3330 1161 3395 -Equites
1177 3329 1297 3379 Promoti

120 3418 166 3469 Ad
183 3419 299 3471 Mauros.
310 3420 342 3481 44,
354 3433 379 3483 p.
393 3408 434 3481 99,
447 3422 485 3471 22.
502 3447 532 3457 -
549 3420 679 3470 Tribunus
691 3421 810 3471 cohortis
822 3420 957 3471 Secundae
971 3420 1086 3470 Gallicae
1100 3418 1142 3469 Ad
1154 3418 1294 3470 cohortem

120 3505 261 3558 Gallicam.
282 3508 314 3568 li,
329 3522 356 3571 p.
376 3509 429 3569 449,
454 3511 491 3571 lt,
515 3514 565 3559 etc.
588 3511 616 3558 2⁰
640 3510 709 3572 apud
730 3509 903 3560 itinerarium
926 3509 1054 3559 Antonini
1078 3508 1192 3574 Aupnsti
1216 3506 1294 3570 (edid.

121 3596 240 3661 Parthep
252 3603 279 3647 et
290 3597 392 3658 lindos,
407 3597 527 3658 Berolini,
541 3597 610 3662 tara)
622 3613 628 3648 ε
642 3597 684 3648 Ad
697 3598 848 3659 Mercurios,
865 3612 890 3662 p.
906 3600 934 3660 9;
953 3598 990 3648 od
1004 3598 1108 3662 Septem
1124 3599 1240 3657 Fratres,
1256 3595 1294 3647 od

123 3685 239 3746 Abilam,
255 3686 291 3736 od
303 3686 424 3749 Aquilam
443 3687 581 3748 minorem,
604 3685 641 3736 od
654 3687 776 3749 Aquilam
793 3688 930 3747 maiorem,
945 3687 982 3738 ad
1002 3687 1215 3751 promuntorium
1229 3687 1294 3736 Bar·

120 3773 192 3835 bari,
205 3773 241 3824 od
257 3768 419 3836 sexlnsulas,
434 3789 459 3839 p.
471 3777 501 3837 4;
515 3775 552 3826 od
563 3775 735 3835 treslnsulae,
751 3789 777 3839 p.
790 3776 868 3837 5;ad
876 3777 965 3827 Solum
977 3774 1086 3837 flumen,
1099 3789 1126 3839 p.
1135 3777 1158 3836 6,
1169 3781 1218 3826 etc.
1228 3776 1256 3824 3⁰
1268 3775 1295 3824 in

123 3860 225 3912 tabula
238 3862 452 3929 Peutinqertona,
469 3864 624 3927 praesertim
635 3864 661 3913 in
680 3862 777 3925 Airita,
796 3865 918 3915 Numidia
939 3878 970 3914 ac
990 3865 1155 3915 Mauretania
1172 3864 1209 3914 sic
1225 3864 1293 3914 indi-

121 3955 218 4000 cantur
230 3953 355 4001 stationes
370 3952 411 4002 rel
425 3952 503 4002 urbes
519 3968 525 4003 :
541 3951 582 4002 Ad
596 3953 763 4013 Mercurium,
779 3952 815 4003 od
832 3966 915 4017 aquas
925 3953 1038 4014 Cosanis,
1052 3952 1088 4003 ad
1106 3954 1229 4014 maiores,
1257 3951 1294 4002 od

120 4038 253 4101 Palmam,
268 4039 304 4090 od
315 4040 431 4102 Arvalla,
449 4040 485 4091 ad
499 4041 612 4101 Medera,
627 4039 665 4091 od
676 4040 815 4092 Basilicam
828 4042 997 4102 Diadumene,
1013 4040 1051 4092 od
1061 4041 1157 4093 Villam
1166 4041 1232 4103 Sele,
1242 4048 1294 4093 etc.

119 4152 152 4163 -
162 4126 200 4177 De
210 4127 379 4191 cauponariis
391 4141 453 4179 vero
466 4129 678 4193 inscriptionibus
690 4130 716 4179 in
724 4129 807 4179 Gallia
815 4130 934 4193 repertis,
947 4131 1015 4180 sicut
1027 4145 1033 4179 :
1044 4129 1086 4179 Ad
1100 4130 1197 4180 Ursum
1215 4129 1294 4194 pilea·

118 4221 188 4280 tum,
203 4215 240 4268 ad
259 4217 381 4281 Aquilam
397 4218 536 4279 maiorem,
554 4217 591 4269 od
604 4220 746 4281 Dracones,
767 4224 826 4280 etc,
842 4218 876 4269 cl.
888 4220 1102 4271 dissertationem
1119 4220 1162 4270 cui
1172 4220 1293 4271 inscribi-

117 4309 165 4355 tur
186 4304 298 4357 :Notice
320 4319 367 4357 eur
387 4320 439 4359 nne
458 4307 613 4373 inscription
630 4291 740 4374 antique
760 4307 793 4359 de
810 4308 883 4374 Leon
898 4308 999 4373 (Rerue
1011 4310 1048 4359 du
1064 4310 1204 4374 Lponnais,
1227 4316 1245 4361 t.
1261 4310 1292 4371 X,

117 4405 146 4456 p.
157 4391 205 4442 28⁰
215 4394 294 4458 sqq).

150 4480 184 4544 (2)
196 4479 233 4532 Cf.
249 4482 317 4545 Dion,
331 4483 456 4545 Gramm,
470 4499 495 4549 p.
511 4485 566 4535 an.
