3084 5067
656 341 815 403 ’.89-

148 498 241 562 renel
253 501 366 580 erupit.
382 501 427 562 ld.
443 501 486 564 ib.
502 504 533 575 4,
548 502 598 563 31.
609 501 678 564 -Α
693 509 763 565 tune
776 500 836 584 (=
847 502 886 565 ad
900 499 997 584 tunc).
1016 501 1141 580 lllmng.
1157 502 1187 574 6,
1204 519 1233 563 a.
1247 500 1315 573 763,

149 626 202 688 pp.
217 609 268 684 48,
284 609 333 682 49,
351 617 406 671 ter.
423 611 485 671 Nec
500 609 629 671 dubium
643 616 690 672 est
703 611 779 689 quin
795 630 832 673 ea
846 609 958 673 saltem
978 609 1040 671 late
1060 608 1271 688 praevaluerit
1283 613 1314 670 et

148 713 182 775 in
197 720 305 778 nostra
314 721 424 796 postea
436 714 545 795 lingua
559 717 702 795 genuerit
715 717 822 798 adeas,
839 716 925 780 donc.

188 822 220 903 b)
236 824 280 883 De
294 822 502 885 locutionibus
516 822 742 904 temporalibus
757 825 841 903 apud
866 826 1026 886 Romanos
1040 821 1251 885 celeberrimis
1276 822 1316 884 cd

97 981 101 990 .
146 929 295 1010 ultimam,
308 929 347 991 ud
359 938 552 1010 postremam,
567 930 607 992 ad
618 938 794 1011 ereremum,
811 931 941 1010 aliisque
956 930 998 1011 (1)
1013 948 1092 1011 quae
1107 947 1181 992 sane
1195 934 1316 992 motum

147 1036 346 1116 aliquatenus
375 1038 415 1099 ad
442 1036 612 1099 terminum
645 1038 794 1111 indicant,
834 1055 904 1100 cum
928 1037 998 1098 usui
1026 1036 1148 1116 vulgari
1176 1038 1316 1099 adtinere

145 1163 259 1224 parum
277 1144 454 1220 videantur,
472 1144 548 1206 satis
562 1146 614 1207 hic
630 1147 688 1207 erit
708 1145 877 1209 observare
896 1146 1023 1207 easdem
1046 1145 1129 1224 apud
1146 1146 1316 1225 scriptores

149 1249 377 1331 lderovingicos
391 1270 615 1333 nonnunquam
639 1252 785 1332 usurpari
802 1251 871 1314 :Aa
898 1260 1074 1314 extremum.
1090 1251 1197 1315 Sidon.
1211 1269 1261 1332 ep.
1286 1254 1315 1327 1,

144 1359 176 1432 6,
193 1358 242 1418 14.
258 1389 299 1405 -
312 1359 407 1437 Greg.
420 1360 492 1419 Tur.
510 1361 571 1421 HF.
588 1362 618 1433 3,
635 1362 683 1423 10.
696 1394 736 1405 -
750 1361 795 1422 ld.
812 1360 854 1422 ib.
881 1362 910 1434 8,
928 1361 976 1422 19.
998 1360 1085 1420 Adde
1108 1359 1254 1420 usitatius
1266 1359 1318 1420 rel

143 1465 178 1527 in
193 1483 282 1528 mera
308 1465 463 1527 latinitate
491 1465 530 1528 ad
554 1465 702 1546 liquidum
715 1468 860 1546 proximo
888 1484 981 1528 sensu
999 1485 1006 1526 :
1023 1465 1154 1528 (lamed
1169 1465 1318 1547 liquidem

145 1577 311 1653 putaretur
326 1574 471 1653 spiritum
496 1572 631 1635 exulare.
653 1573 744 1653 Greg.
763 1574 836 1635 Tur.
863 1573 927 1635 GM.
944 1574 993 1635 33.
1010 1605 1050 1618 -
1066 1573 1198 1635 Omnem
1212 1572 1317 1634 labem

144 1679 186 1741 66
200 1678 350 1760 liquidam
376 1684 555 1741 caruerunt.
581 1680 626 1741 Id.
651 1680 715 1742 VP.
731 1681 761 1756 3,
777 1681 807 1742 3.
823 1709 863 1727 -
877 1681 965 1742 Nune
979 1679 1018 1741 ad
1046 1678 1194 1759 liquidem
1206 1695 1316 1739 verum

146 1791 323 1865 essepatet.
340 1786 384 1847 ld.
401 1786 443 1848 ib.
456 1787 486 1858 8,
501 1787 530 1848 5.
547 1784 641 1847 -Α6
669 1785 817 1867 liquidem
840 1790 1074 1864 cognoscentes.
1091 1786 1190 1865 Capit.
1203 1786 1266 1848 KG.
1283 1802 1315 1845 a.

145 1893 217 1966 853,
234 1913 265 1973 p.
282 1894 352 1969 431,
366 1894 417 1955 48.
439 1892 524 1954 Adde
546 1895 640 1956 etiam
658 1892 728 1955 :Ad
755 1892 913 1956 occultum.
944 1893 1036 1971 Greg.
1052 1894 1125 1954 Tur.
1139 1893 1201 1957 HF.
1217 1894 1247 1966 5,
1263 1895 1313 1956 49.

187 2105 215 2186 c)
229 2105 261 2168 Si
276 2105 318 2166 ad
331 2105 424 2184 paulo
435 2106 575 2168 diversas
590 2125 683 2167 sensu
696 2106 869 2169 locutiones
883 2107 956 2168 inde
976 2111 1129 2181 transeas,
1146 2112 1315 2169 occurrunt

145 2204 186 2267 ad
201 2205 353 2284 integrum
365 2223 423 2283 pro
438 2204 475 2266 de
489 2205 618 2284 integro,
634 2204 672 2267 ab
686 2205 815 2285 integro,
833 2223 871 2266 ee
885 2205 1012 2285 integro,
1030 2210 1060 2266 et
1069 2204 1109 2266 ad
1121 2204 1244 2284 plenem
1257 2223 1314 2284 pro

141 2312 247 2394 plane,
273 2329 412 2391 proram
438 2312 558 2374 amatae
573 2331 583 2372 :
598 2330 678 2391 quae
702 2311 830 2392 quidem
849 2312 899 2373 vel
918 2313 959 2373 ad
977 2311 1108 2374 localem
1128 2312 1313 2372 relationem

144 2419 255 2480 referri
279 2417 411 2499 possint,
441 2437 513 2481 cum
541 2421 664 2497 signent
690 2421 858 2480 terminum
886 2437 947 2497 quo
975 2423 1088 2500 pergat
1108 2417 1237 2499 aliquid,
1259 2418 1315 2479 sed

143 2527 314 2604 genuinam
329 2530 432 2587 motus
446 2527 604 2587 notionem
618 2525 689 2606 plus
717 2527 820 2586 minus
847 2527 989 2587 amisisse
1017 2526 1161 2587 videntur
1178 2530 1209 2585 et
1238 2543 1313 2586 mox

144 2631 368 2694 adverbialiter
381 2637 552 2712 ponuntur.
569 2633 689 2693 Harum
703 2636 808 2693 autem
831 2649 907 2691 usus
927 2629 1095 2693 nonnullos
1110 2629 1250 2710 reperies
1265 2630 1315 2691 vel

144 2739 229 2817 apud
244 2739 433 2799 novissimos
468 2740 660 2818 scriptores:
678 2738 761 2800 Haeo
791 2742 839 2798 est
863 2739 967 2816 prima
989 2738 1175 2817 incorporea
1188 2741 1314 2811 natura,

140 2849 214 2925 post
239 2861 403 2924 corporee,
426 2845 482 2906 sed
509 2862 572 2905 non
601 2861 690 2924 pure,
714 2862 772 2906 nea
799 2842 839 2905 od
868 2844 1019 2923 integram
1042 2861 1153 2906 carens
1168 2853 1309 2923 corpore.

141 2951 281 3014 Macrob.
297 2953 330 3012 iu
345 2970 446 3013 somn.
465 2953 547 3034 Scip.
565 2953 594 3028 1,
611 2952 731 3014 5.-16
747 2950 923 3013 ordinanda
936 2949 1003 3011 acie
1017 2949 1187 3029 adplenum
1199 2949 1316 3011 fuerint

140 3057 267 3121 eruditi.
283 3059 390 3136 Veget.
407 3059 437 3132 3,
454 3060 531 3122 9.-
540 3059 696 3121 Caelestes
707 3076 819 3120 causas
833 3058 974 3119 humana
986 3057 1127 3119 condicio
1141 3056 1181 3119 ad
1191 3056 1316 3137 plectam

139 3182 236 3227 nosse
250 3165 449 3244 prohibetur.
465 3168 509 3228 ld.
526 3169 556 3239 4,
571 3168 622 3230 40.

182 3271 273 3351 Apud
300 3272 526 3353 llerovingicos
549 3274 629 3359 haec
657 3273 802 3353 exempla
816 3278 908 3334 sunto
925 3291 932 3334 :
949 3271 1041 3334 Nulla
1069 3289 1123 3350 spe
1138 3269 1314 3351 adplenum

140 3380 329 3458 exequendi.
345 3378 421 3443 dus.
449 3381 480 3443 8.
496 3381 580 3443 Grat.
597 3380 663 3442 Act.
695 3382 743 3453 13,
760 3381 811 3442 63.
827 3410 868 3427 -
881 3381 949 3441 Non
978 3383 1083 3441 tamen
1098 3377 1138 3440 ed
1162 3378 1314 3456 integrum

140 3486 247 3546 fructu
261 3485 392 3547 carebit.
406 3486 487 3549 avit.
504 3485 613 3548 homil.
629 3488 659 3562 6,
676 3505 706 3566 p.
723 3487 793 3560 111,
805 3488 854 3549 36.
870 3486 971 3549 -Sic
985 3486 1025 3548 ad
1040 3487 1192 3564 integrum
1206 3503 1311 3546 sanus.

138 3590 187 3654 ld.
203 3591 246 3653 ib.
263 3595 292 3664 7,
309 3611 342 3671 p.
358 3593 425 3670 113,
438 3595 488 3658 13.
503 3625 544 3640 -
557 3596 641 3656 Pene
651 3593 691 3657 66
719 3596 871 3674 integrum
895 3593 1050 3655 interfecti
1066 3596 1147 3652 sunt.
1161 3592 1238 3655 Mar.
1254 3593 1311 3653 dv.

124 3717 174 3779 .p.
192 3698 240 3775 13,
254 3701 291 3764 D.
306 3733 345 3746 -
359 3700 602 3764 Poseidendaccl
621 3702 784 3781 integrum.
801 3700 881 3781 Dipl.
913 3703 989 3780 Reg.
1006 3701 1056 3776 37,
1083 3718 1114 3763 a.
1130 3699 1199 3774 664,
1212 3718 1245 3779 p.
1261 3700 1310 3774 37,

139 3806 175 3869 3.
191 3838 229 3851 -
243 3803 289 3868 Ad
302 3807 423 3887 integre
438 3807 620 3888 accepisset.
637 3808 722 3870 Ghld.
741 3810 811 3884 353,
827 3827 857 3870 a.
870 3807 940 3880 631,
958 3826 989 3887 p.
1007 3807 1056 3868 16.
1073 3839 1112 3852 -
1127 3806 1188 3868 Sed
1202 3807 1263 3868 hoc
1276 3805 1316 3867 ad

139 3912 262 3991 integra
282 3912 404 3974 fortiter
422 3915 604 3977 denecabat.
628 3916 733 3977 Form.
752 3916 834 3978 And.
857 3916 907 3989 56,
933 3933 962 3994 p.
984 3913 1035 3987 33,
1063 3914 1111 3974 16.
1135 3946 1176 3959 -
1200 3913 1313 3975 Totum

139 4018 226 4081 etad
240 4019 400 4098 integram.
424 4021 529 4083 rorm.
550 4022 607 4084 SB.
633 4023 681 4098 15,
708 4041 739 4101 p.
765 4023 835 4094 334,
859 4023 888 4081 4.
909 4021 1069 4082 -Tllert
1091 4039 1123 4099 p.
1140 4021 1209 4094 358,
1228 4021 1256 4079 1.
1273 4051 1314 4066 -

139 4127 249 4194 Form.
277 4122 333 4189 SL.
357 4130 385 4204 7,
408 4147 439 4209 p.
465 4129 535 4206 371,
560 4131 610 4189 34.
632 4129 739 4193 -1b.
764 4129 812 4204 16,
830 4147 863 4208 p.
887 4129 957 4202 378,
986 4130 1016 4189 5.
1038 4159 1079 4174 -·
1097 4126 1143 4189 Ad
1163 4128 1315 4207 integram

140 4233 284 4313 accipere
313 4234 464 4297 debeatis.
491 4235 537 4296 lb.
567 4237 615 4308 13,
644 4254 677 4315 p.
705 4237 775 4308 375,
806 4238 835 4298 7.
862 4268 902 4282 -
938 4233 987 4297 Ae
1012 4235 1174 4313 integrum.
1203 4235 1315 4296 Form.

174 4475 209 4542 (1)
221 4474 259 4528 Gi.
274 4477 421 4542 Tursellin,
435 4491 493 4543 cap.
506 4480 552 4541 35
566 4480 590 4540 3,
602 4478 630 4543 3;
642 4479 767 4543 Dranger,
781 4477 848 4529 litat.
859 4475 949 4540 Synt„
963 4481 985 4527 t.
999 4476 1020 4536 1,
1033 4487 1058 4538 p.
1076 4475 1132 4527 678.
