<?xml version="1.0" encoding="UTF-8"?>
<!DOCTYPE html PUBLIC "-//W3C//DTD XHTML 1.0 Transitional//EN"
    "http://www.w3.org/TR/xhtml1/DTD/xhtml1-transitional.dtd">
<html xmlns="http://www.w3.org/1999/xhtml" xml:lang="en" lang="en">
 <head>
  <title>
</title>
<meta http-equiv="Content-Type" content="text/html;charset=utf-8" />
  <meta name='ocr-system' content='tesseract 3.04.00' />
  <meta name='ocr-capabilities' content='ocr_page ocr_carea ocr_par ocr_line ocrx_word'/>
</head>
<body>
  <div class='ocr_page' id='page_1' title='image "./depropositionea00bourgoog_0016.png"; bbox 0 0 3084 5067; ppageno 0'>
   <div class='ocr_carea' id='block_1_1' title="bbox 744 348 902 409">
    <p class='ocr_par' dir='ltr' id='par_1_1' title="bbox 744 348 902 409">
     <span class='ocr_line' id='line_1_1' title="bbox 744 348 902 409; baseline 0.006 -16"><span class='ocrx_word' id='word_1_1' title='bbox 744 348 902 409; x_wconf 71' lang='lat'>..10-</span> 
     </span>
    </p>
   </div>
   <div class='ocr_carea' id='block_1_2' title="bbox 223 508 1409 2835">
    <p class='ocr_par' dir='ltr' id='par_1_2' title="bbox 234 508 1407 1765">
     <span class='ocr_line' id='line_1_2' title="bbox 235 508 1403 588; baseline 0.003 -19"><span class='ocrx_word' id='word_1_2' title='bbox 235 512 327 587; x_wconf 85' lang='lat' dir='ltr'>parte</span> <span class='ocrx_word' id='word_1_3' title='bbox 340 509 460 588; x_wconf 83' lang='lat' dir='ltr'>sperari</span> <span class='ocrx_word' id='word_1_4' title='bbox 474 509 572 587; x_wconf 83' lang='lat' dir='ltr'>possit</span> <span class='ocrx_word' id='word_1_5' title='bbox 586 508 619 568; x_wconf 93' lang='lat' dir='ltr'>in</span> <span class='ocrx_word' id='word_1_6' title='bbox 633 511 798 569; x_wconf 88' lang='lat' dir='ltr'>auctorum</span> <span class='ocrx_word' id='word_1_7' title='bbox 813 527 910 587; x_wconf 89' lang='lat' dir='ltr'>opera</span> <span class='ocrx_word' id='word_1_8' title='bbox 928 510 978 570; x_wconf 87' lang='lat' dir='ltr'>vel</span> <span class='ocrx_word' id='word_1_9' title='bbox 998 511 1206 571; x_wconf 89' lang='lat' dir='ltr'>instrumenta</span> <span class='ocrx_word' id='word_1_10' title='bbox 1227 509 1403 573; x_wconf 86' lang='lat' dir='ltr'>scribarum</span> 
     </span>
     <span class='ocr_line' id='line_1_3' title="bbox 234 614 1404 695; baseline 0.003 -20"><span class='ocrx_word' id='word_1_11' title='bbox 234 614 590 695; x_wconf 85' lang='lat' dir='ltr'>irrepsissealiquaudo</span> <span class='ocrx_word' id='word_1_12' title='bbox 609 633 718 675; x_wconf 88' lang='lat' dir='ltr'>sensus</span> <span class='ocrx_word' id='word_1_13' title='bbox 739 616 794 693; x_wconf 92' lang='lat' dir='ltr'>qui</span> <span class='ocrx_word' id='word_1_14' title='bbox 813 615 907 677; x_wconf 90' lang='lat' dir='ltr'>modo</span> <span class='ocrx_word' id='word_1_15' title='bbox 930 616 1071 694; x_wconf 90' lang='lat' dir='ltr'>quolibet</span> <span class='ocrx_word' id='word_1_16' title='bbox 1085 616 1234 679; x_wconf 87' lang='lat' dir='ltr'>cotidiani</span> <span class='ocrx_word' id='word_1_17' title='bbox 1249 619 1404 678; x_wconf 90' lang='lat' dir='ltr'>sermonis</span> 
     </span>
     <span class='ocr_line' id='line_1_4' title="bbox 234 721 1403 803; baseline 0 -20"><span class='ocrx_word' id='word_1_18' title='bbox 234 721 285 784; x_wconf 83' lang='lat' dir='ltr'>vel</span> <span class='ocrx_word' id='word_1_19' title='bbox 302 739 520 802; x_wconf 72' lang='lat' dir='ltr'><strong>repercussam</strong></span> <span class='ocrx_word' id='word_1_20' title='bbox 537 723 709 799; x_wconf 77' lang='lat' dir='ltr'>imaginem</span> <span class='ocrx_word' id='word_1_21' title='bbox 731 721 911 795; x_wconf 79' lang='lat' dir='ltr'>exhibeant,</span> <span class='ocrx_word' id='word_1_22' title='bbox 929 723 1084 801; x_wconf 87' lang='lat' dir='ltr'>exempla,</span> <span class='ocrx_word' id='word_1_23' title='bbox 1101 728 1136 783; x_wconf 88' lang='lat' dir='ltr'>ut</span> <span class='ocrx_word' id='word_1_24' title='bbox 1151 725 1227 793; x_wconf 82' lang='lat' dir='ltr'>dixi,</span> <span class='ocrx_word' id='word_1_25' title='bbox 1246 725 1403 803; x_wconf 86' lang='lat' dir='ltr'>quaedam</span> 
     </span>
     <span class='ocr_line' id='line_1_5' title="bbox 235 829 1402 909; baseline 0.001 -19"><span class='ocrx_word' id='word_1_26' title='bbox 235 830 421 909; x_wconf 77' lang='lat' dir='ltr'>depromam</span> <span class='ocrx_word' id='word_1_27' title='bbox 437 848 453 890; x_wconf 93' lang='lat' dir='ltr'>e</span> <span class='ocrx_word' id='word_1_28' title='bbox 468 829 700 907; x_wconf 75' lang='lat' dir='ltr'>capitularibus</span> <span class='ocrx_word' id='word_1_29' title='bbox 714 829 823 890; x_wconf 89' lang='lat' dir='ltr'>Karoli</span> <span class='ocrx_word' id='word_1_30' title='bbox 838 831 952 908; x_wconf 80' lang='lat' dir='ltr'>Magni,</span> <span class='ocrx_word' id='word_1_31' title='bbox 970 830 1146 892; x_wconf 86' lang='lat' dir='ltr'>Hludowici</span> <span class='ocrx_word' id='word_1_32' title='bbox 1164 833 1223 904; x_wconf 93' lang='lat' dir='ltr'>Pii,</span> <span class='ocrx_word' id='word_1_33' title='bbox 1240 832 1349 892; x_wconf 88' lang='lat' dir='ltr'>Karoli</span> <span class='ocrx_word' id='word_1_34' title='bbox 1364 833 1402 893; x_wconf 95' lang='lat' dir='ltr'>ll.</span> 
     </span>
     <span class='ocr_line' id='line_1_6' title="bbox 235 935 1405 1017; baseline 0 -19"><span class='ocrx_word' id='word_1_35' title='bbox 235 938 336 999; x_wconf 91' lang='lat' dir='ltr'>lmmo</span> <span class='ocrx_word' id='word_1_36' title='bbox 363 939 397 998; x_wconf 93' lang='lat' dir='ltr'>in</span> <span class='ocrx_word' id='word_1_37' title='bbox 424 937 495 1000; x_wconf 86' lang='lat' dir='ltr'>Vita</span> <span class='ocrx_word' id='word_1_38' title='bbox 522 935 631 997; x_wconf 88' lang='lat' dir='ltr'>Karoli</span> <span class='ocrx_word' id='word_1_39' title='bbox 654 936 759 1013; x_wconf 86' lang='lat' dir='ltr'>Magni</span> <span class='ocrx_word' id='word_1_40' title='bbox 784 936 824 997; x_wconf 90' lang='lat' dir='ltr'>ab</span> <span class='ocrx_word' id='word_1_41' title='bbox 848 937 1029 1014; x_wconf 85' lang='lat' dir='ltr'>Eginhardo</span> <span class='ocrx_word' id='word_1_42' title='bbox 1052 939 1180 1017; x_wconf 87' lang='lat' dir='ltr'>scripta,</span> <span class='ocrx_word' id='word_1_43' title='bbox 1206 939 1238 998; x_wconf 92' lang='lat' dir='ltr'>in</span> <span class='ocrx_word' id='word_1_44' title='bbox 1264 939 1405 999; x_wconf 88' lang='lat' dir='ltr'>historiis</span> 
     </span>
     <span class='ocr_line' id='line_1_7' title="bbox 236 1042 1406 1124; baseline 0 -19"><span class='ocrx_word' id='word_1_45' title='bbox 236 1044 393 1117; x_wconf 88' lang='lat' dir='ltr'>Nithardi,</span> <span class='ocrx_word' id='word_1_46' title='bbox 409 1045 442 1104; x_wconf 92' lang='lat' dir='ltr'>in</span> <span class='ocrx_word' id='word_1_47' title='bbox 456 1042 628 1104; x_wconf 81' lang='lat' dir='ltr'>Annalibus</span> <span class='ocrx_word' id='word_1_48' title='bbox 642 1044 759 1103; x_wconf 84' lang='lat' dir='ltr'>lterum</span> <span class='ocrx_word' id='word_1_49' title='bbox 773 1044 995 1105; x_wconf 74' lang='lat' dir='ltr'>Francicarum</span> <span class='ocrx_word' id='word_1_50' title='bbox 1015 1061 1179 1106; x_wconf 86' lang='lat' dir='ltr'>occurrere</span> <span class='ocrx_word' id='word_1_51' title='bbox 1194 1045 1284 1106; x_wconf 89' lang='lat' dir='ltr'>nobis</span> <span class='ocrx_word' id='word_1_52' title='bbox 1298 1046 1406 1124; x_wconf 86' lang='lat' dir='ltr'>aliqua</span> 
     </span>
     <span class='ocr_line' id='line_1_8' title="bbox 236 1149 1406 1230; baseline -0.001 -17"><span class='ocrx_word' id='word_1_53' title='bbox 236 1151 304 1214; x_wconf 82' lang='lat' dir='ltr'>visa</span> <span class='ocrx_word' id='word_1_54' title='bbox 330 1155 404 1212; x_wconf 90' lang='lat' dir='ltr'>sunt</span> <span class='ocrx_word' id='word_1_55' title='bbox 426 1151 522 1229; x_wconf 89' lang='lat' dir='ltr'>digna</span> <span class='ocrx_word' id='word_1_56' title='bbox 544 1167 625 1230; x_wconf 86' lang='lat' dir='ltr'>quae</span> <span class='ocrx_word' id='word_1_57' title='bbox 649 1168 706 1211; x_wconf 90' lang='lat' dir='ltr'>suo</span> <span class='ocrx_word' id='word_1_58' title='bbox 729 1149 799 1211; x_wconf 92' lang='lat' dir='ltr'>loco</span> <span class='ocrx_word' id='word_1_59' title='bbox 823 1156 1085 1229; x_wconf 82' lang='lat' dir='ltr'>proponerentur.</span> <span class='ocrx_word' id='word_1_60' title='bbox 1111 1152 1162 1214; x_wconf 88' lang='lat' dir='ltr'>Sic</span> <span class='ocrx_word' id='word_1_61' title='bbox 1189 1151 1406 1213; x_wconf 87' lang='lat' dir='ltr'>deficientibus</span> 
     </span>
     <span class='ocr_line' id='line_1_9' title="bbox 237 1256 1406 1338; baseline -0.001 -17"><span class='ocrx_word' id='word_1_62' title='bbox 237 1259 330 1322; x_wconf 89' lang='lat' dir='ltr'>certis</span> <span class='ocrx_word' id='word_1_63' title='bbox 353 1258 560 1332; x_wconf 66' lang='lat' dir='ltr'>documentis</span> <span class='ocrx_word' id='word_1_64' title='bbox 586 1258 686 1318; x_wconf 91' lang='lat' dir='ltr'>rimae</span> <span class='ocrx_word' id='word_1_65' title='bbox 714 1256 914 1336; x_wconf 87' lang='lat' dir='ltr'>aliquatenus</span> <span class='ocrx_word' id='word_1_66' title='bbox 941 1259 1060 1338; x_wconf 86' lang='lat' dir='ltr'>expleri</span> <span class='ocrx_word' id='word_1_67' title='bbox 1085 1259 1284 1333; x_wconf 85' lang='lat' dir='ltr'>videbuntur,</span> <span class='ocrx_word' id='word_1_68' title='bbox 1310 1261 1337 1319; x_wconf 89' lang='lat' dir='ltr'>si</span> <span class='ocrx_word' id='word_1_69' title='bbox 1365 1259 1406 1320; x_wconf 90' lang='lat' dir='ltr'>ad</span> 
     </span>
     <span class='ocr_line' id='line_1_10' title="bbox 236 1364 1407 1444; baseline -0.001 -17"><span class='ocrx_word' id='word_1_70' title='bbox 236 1366 350 1429; x_wconf 89' lang='lat' dir='ltr'>seriem</span> <span class='ocrx_word' id='word_1_71' title='bbox 364 1383 520 1426; x_wconf 89' lang='lat' dir='ltr'>annorum</span> <span class='ocrx_word' id='word_1_72' title='bbox 535 1365 688 1426; x_wconf 80' lang='lat' dir='ltr'>adtendas</span> <span class='ocrx_word' id='word_1_73' title='bbox 704 1382 711 1425; x_wconf 93' lang='lat'>:</span> <span class='ocrx_word' id='word_1_74' title='bbox 727 1382 767 1427; x_wconf 93' lang='lat' dir='ltr'>ne</span> <span class='ocrx_word' id='word_1_75' title='bbox 782 1364 977 1427; x_wconf 83' lang='lat' dir='ltr'>obliviscaris</span> <span class='ocrx_word' id='word_1_76' title='bbox 997 1382 1072 1427; x_wconf 89' lang='lat' dir='ltr'>vero</span> <span class='ocrx_word' id='word_1_77' title='bbox 1082 1367 1282 1444; x_wconf 80' lang='lat' dir='ltr'>Meroviugici</span> <span class='ocrx_word' id='word_1_78' title='bbox 1306 1367 1407 1444; x_wconf 89' lang='lat' dir='ltr'>ipsius</span> 
     </span>
     <span class='ocr_line' id='line_1_11' title="bbox 236 1471 1404 1551; baseline 0 -18"><span class='ocrx_word' id='word_1_79' title='bbox 236 1473 307 1536; x_wconf 82' lang='lat' dir='ltr'>aevi</span> <span class='ocrx_word' id='word_1_80' title='bbox 327 1472 527 1547; x_wconf 89' lang='lat' dir='ltr'>latinitatem,</span> <span class='ocrx_word' id='word_1_81' title='bbox 549 1475 658 1551; x_wconf 87' lang='lat' dir='ltr'>utpote</span> <span class='ocrx_word' id='word_1_82' title='bbox 677 1473 747 1531; x_wconf 89' lang='lat' dir='ltr'>usui</span> <span class='ocrx_word' id='word_1_83' title='bbox 767 1471 892 1549; x_wconf 79' lang='lat' dir='ltr'>vulgari</span> <span class='ocrx_word' id='word_1_84' title='bbox 912 1473 1135 1535; x_wconf 90' lang='lat' dir='ltr'>cohaerentem</span> <span class='ocrx_word' id='word_1_85' title='bbox 1158 1478 1190 1534; x_wconf 87' lang='lat' dir='ltr'>et</span> <span class='ocrx_word' id='word_1_86' title='bbox 1215 1472 1404 1547; x_wconf 81' lang='lat' dir='ltr'>immixtam,</span> 
     </span>
     <span class='ocr_line' id='line_1_12' title="bbox 236 1578 1407 1659; baseline 0.001 -17"><span class='ocrx_word' id='word_1_87' title='bbox 236 1578 337 1642; x_wconf 88' lang='lat' dir='ltr'>multo</span> <span class='ocrx_word' id='word_1_88' title='bbox 364 1579 552 1659; x_wconf 85' lang='lat' dir='ltr'>plerumque</span> <span class='ocrx_word' id='word_1_89' title='bbox 578 1578 720 1641; x_wconf 87' lang='lat' dir='ltr'>sensibus</span> <span class='ocrx_word' id='word_1_90' title='bbox 747 1580 941 1657; x_wconf 81' lang='lat' dir='ltr'>propiorem,</span> <span class='ocrx_word' id='word_1_91' title='bbox 967 1597 1045 1659; x_wconf 88' lang='lat' dir='ltr'>quos</span> <span class='ocrx_word' id='word_1_92' title='bbox 1072 1580 1222 1659; x_wconf 77' lang='lat' dir='ltr'>deinceps</span> <span class='ocrx_word' id='word_1_93' title='bbox 1249 1580 1407 1659; x_wconf 86' lang='lat' dir='ltr'>particula</span> 
     </span>
     <span class='ocr_line' id='line_1_13' title="bbox 236 1684 725 1765; baseline -0.008 -14"><span class='ocrx_word' id='word_1_94' title='bbox 236 1684 408 1751; x_wconf 84' lang='lat' dir='ltr'>declaravit</span> <span class='ocrx_word' id='word_1_95' title='bbox 421 1686 455 1747; x_wconf 96' lang='lat' dir='ltr'>in</span> <span class='ocrx_word' id='word_1_96' title='bbox 469 1684 590 1747; x_wconf 84' lang='lat' dir='ltr'>Gallica</span> <span class='ocrx_word' id='word_1_97' title='bbox 604 1685 725 1765; x_wconf 90' lang='lat' dir='ltr'>lingua.</span> 
     </span>
    </p>

    <p class='ocr_par' dir='ltr' id='par_1_3' title="bbox 223 1792 1409 2835">
     <span class='ocr_line' id='line_1_14' title="bbox 276 1792 1408 1871; baseline 0.001 -18"><span class='ocrx_word' id='word_1_98' title='bbox 276 1792 366 1865; x_wconf 79' lang='lat' dir='ltr'>Quod</span> <span class='ocrx_word' id='word_1_99' title='bbox 380 1793 407 1853; x_wconf 90' lang='lat' dir='ltr'>sl</span> <span class='ocrx_word' id='word_1_100' title='bbox 421 1809 438 1853; x_wconf 93' lang='lat' dir='ltr'>e</span> <span class='ocrx_word' id='word_1_101' title='bbox 452 1793 549 1855; x_wconf 82' lang='lat' dir='ltr'>variis</span> <span class='ocrx_word' id='word_1_102' title='bbox 563 1793 761 1855; x_wconf 86' lang='lat' dir='ltr'>documentis</span> <span class='ocrx_word' id='word_1_103' title='bbox 785 1811 823 1855; x_wconf 90' lang='lat' dir='ltr'>ea</span> <span class='ocrx_word' id='word_1_104' title='bbox 846 1811 923 1855; x_wconf 90' lang='lat' dir='ltr'>cura</span> <span class='ocrx_word' id='word_1_105' title='bbox 948 1794 1137 1855; x_wconf 84' lang='lat' dir='ltr'>examinatis</span> <span class='ocrx_word' id='word_1_106' title='bbox 1160 1792 1307 1871; x_wconf 84' lang='lat' dir='ltr'>exempla</span> <span class='ocrx_word' id='word_1_107' title='bbox 1331 1794 1408 1855; x_wconf 87' lang='lat' dir='ltr'>satis</span> 
     </span>
     <span class='ocr_line' id='line_1_15' title="bbox 237 1900 1408 1981; baseline 0 -21"><span class='ocrx_word' id='word_1_108' title='bbox 237 1900 345 1980; x_wconf 85' lang='lat' dir='ltr'>ampla</span> <span class='ocrx_word' id='word_1_109' title='bbox 359 1900 514 1973; x_wconf 87' lang='lat' dir='ltr'>duxerim,</span> <span class='ocrx_word' id='word_1_110' title='bbox 531 1915 623 1979; x_wconf 84' lang='lat' dir='ltr'>spero</span> <span class='ocrx_word' id='word_1_111' title='bbox 638 1900 779 1962; x_wconf 80' lang='lat' dir='ltr'>laturum</span> <span class='ocrx_word' id='word_1_112' title='bbox 796 1905 831 1962; x_wconf 90' lang='lat' dir='ltr'>ut</span> <span class='ocrx_word' id='word_1_113' title='bbox 850 1920 924 1962; x_wconf 90' lang='lat' dir='ltr'>usus</span> <span class='ocrx_word' id='word_1_114' title='bbox 939 1902 1181 1981; x_wconf 87' lang='lat' dir='ltr'>praepositionis</span> <span class='ocrx_word' id='word_1_115' title='bbox 1195 1900 1235 1962; x_wconf 84' lang='lat' dir='ltr'>cd</span> <span class='ocrx_word' id='word_1_116' title='bbox 1248 1901 1281 1961; x_wconf 92' lang='lat' dir='ltr'>in</span> <span class='ocrx_word' id='word_1_117' title='bbox 1296 1900 1408 1961; x_wconf 85' lang='lat' dir='ltr'>intima</span> 
     </span>
     <span class='ocr_line' id='line_1_16' title="bbox 235 2005 1406 2087; baseline 0.003 -23"><span class='ocrx_word' id='word_1_118' title='bbox 235 2005 391 2069; x_wconf 87' lang='lat' dir='ltr'>latinitate</span> <span class='ocrx_word' id='word_1_119' title='bbox 407 2007 447 2067; x_wconf 90' lang='lat' dir='ltr'>ad</span> <span class='ocrx_word' id='word_1_120' title='bbox 461 2006 615 2085; x_wconf 85' lang='lat' dir='ltr'>liquidum</span> <span class='ocrx_word' id='word_1_121' title='bbox 627 2008 851 2087; x_wconf 90' lang='lat' dir='ltr'>perducantur,</span> <span class='ocrx_word' id='word_1_122' title='bbox 863 2013 894 2069; x_wconf 91' lang='lat' dir='ltr'>et</span> <span class='ocrx_word' id='word_1_123' title='bbox 906 2008 963 2069; x_wconf 88' lang='lat' dir='ltr'>fiat</span> <span class='ocrx_word' id='word_1_124' title='bbox 975 2009 1071 2069; x_wconf 89' lang='lat' dir='ltr'>etiam</span> <span class='ocrx_word' id='word_1_125' title='bbox 1084 2009 1125 2068; x_wconf 91' lang='lat' dir='ltr'>ad</span> <span class='ocrx_word' id='word_1_126' title='bbox 1136 2008 1277 2068; x_wconf 89' lang='lat' dir='ltr'>eiusdem</span> <span class='ocrx_word' id='word_1_127' title='bbox 1291 2023 1406 2068; x_wconf 89' lang='lat' dir='ltr'>usuum</span> 
     </span>
     <span class='ocr_line' id='line_1_17' title="bbox 237 2113 1404 2190; baseline 0.001 -16"><span class='ocrx_word' id='word_1_128' title='bbox 237 2113 393 2190; x_wconf 74' lang='lat' dir='ltr'>originem</span> <span class='ocrx_word' id='word_1_129' title='bbox 418 2113 451 2172; x_wconf 92' lang='lat' dir='ltr'>in</span> <span class='ocrx_word' id='word_1_130' title='bbox 474 2131 617 2175; x_wconf 87' lang='lat' dir='ltr'>sermone</span> <span class='ocrx_word' id='word_1_131' title='bbox 636 2118 744 2176; x_wconf 90' lang='lat' dir='ltr'>nostro</span> <span class='ocrx_word' id='word_1_132' title='bbox 762 2115 982 2176; x_wconf 88' lang='lat' dir='ltr'>illustrandam</span> <span class='ocrx_word' id='word_1_133' title='bbox 996 2133 1060 2175; x_wconf 91' lang='lat' dir='ltr'>non</span> <span class='ocrx_word' id='word_1_134' title='bbox 1075 2116 1182 2175; x_wconf 90' lang='lat' dir='ltr'>irritus</span> <span class='ocrx_word' id='word_1_135' title='bbox 1195 2114 1296 2175; x_wconf 91' lang='lat' dir='ltr'>labor.</span> <span class='ocrx_word' id='word_1_136' title='bbox 1314 2114 1404 2175; x_wconf 88' lang='lat' dir='ltr'>Gete-</span> 
     </span>
     <span class='ocr_line' id='line_1_18' title="bbox 237 2221 1407 2301; baseline -0.001 -20"><span class='ocrx_word' id='word_1_137' title='bbox 237 2237 310 2281; x_wconf 86' lang='lat' dir='ltr'>rum</span> <span class='ocrx_word' id='word_1_138' title='bbox 324 2236 397 2282; x_wconf 91' lang='lat' dir='ltr'>cum</span> <span class='ocrx_word' id='word_1_139' title='bbox 411 2222 552 2281; x_wconf 82' lang='lat' dir='ltr'>maxima</span> <span class='ocrx_word' id='word_1_140' title='bbox 566 2225 657 2300; x_wconf 89' lang='lat' dir='ltr'>parte</span> <span class='ocrx_word' id='word_1_141' title='bbox 671 2239 710 2282; x_wconf 81' lang='lat' dir='ltr'>ex</span> <span class='ocrx_word' id='word_1_142' title='bbox 723 2222 892 2301; x_wconf 87' lang='lat' dir='ltr'>propositis</span> <span class='ocrx_word' id='word_1_143' title='bbox 916 2227 947 2282; x_wconf 93' lang='lat' dir='ltr'>et</span> <span class='ocrx_word' id='word_1_144' title='bbox 970 2221 1079 2282; x_wconf 88' lang='lat' dir='ltr'>ordine</span> <span class='ocrx_word' id='word_1_145' title='bbox 1103 2222 1231 2299; x_wconf 85' lang='lat' dir='ltr'>digestis</span> <span class='ocrx_word' id='word_1_146' title='bbox 1255 2221 1407 2299; x_wconf 83' lang='lat' dir='ltr'>exemplis</span> 
     </span>
     <span class='ocr_line' id='line_1_19' title="bbox 238 2328 1408 2407; baseline -0.002 -18"><span class='ocrx_word' id='word_1_147' title='bbox 238 2331 381 2389; x_wconf 88' lang='lat' dir='ltr'>constare</span> <span class='ocrx_word' id='word_1_148' title='bbox 404 2331 527 2388; x_wconf 92' lang='lat' dir='ltr'>tantum</span> <span class='ocrx_word' id='word_1_149' title='bbox 553 2328 652 2406; x_wconf 89' lang='lat' dir='ltr'>possit</span> <span class='ocrx_word' id='word_1_150' title='bbox 674 2329 735 2389; x_wconf 91' lang='lat' dir='ltr'>hoc</span> <span class='ocrx_word' id='word_1_151' title='bbox 759 2329 958 2407; x_wconf 89' lang='lat' dir='ltr'>opusculum,</span> <span class='ocrx_word' id='word_1_152' title='bbox 984 2345 1099 2407; x_wconf 87' lang='lat' dir='ltr'>operae</span> <span class='ocrx_word' id='word_1_153' title='bbox 1126 2329 1263 2407; x_wconf 90' lang='lat' dir='ltr'>pretium</span> <span class='ocrx_word' id='word_1_154' title='bbox 1294 2329 1353 2389; x_wconf 86' lang='lat' dir='ltr'>erit</span> <span class='ocrx_word' id='word_1_155' title='bbox 1381 2328 1408 2387; x_wconf 93' lang='lat' dir='ltr'>si</span> 
     </span>
     <span class='ocr_line' id='line_1_20' title="bbox 238 2434 1406 2515; baseline 0 -20"><span class='ocrx_word' id='word_1_156' title='bbox 238 2434 382 2495; x_wconf 90' lang='lat' dir='ltr'>omnium</span> <span class='ocrx_word' id='word_1_157' title='bbox 398 2439 576 2506; x_wconf 90' lang='lat' dir='ltr'>auctorum,</span> <span class='ocrx_word' id='word_1_158' title='bbox 593 2436 732 2514; x_wconf 79' lang='lat' dir='ltr'>exceptis</span> <span class='ocrx_word' id='word_1_159' title='bbox 743 2439 851 2497; x_wconf 88' lang='lat' dir='ltr'>tamen</span> <span class='ocrx_word' id='word_1_160' title='bbox 865 2436 983 2496; x_wconf 85' lang='lat' dir='ltr'>Latinis</span> <span class='ocrx_word' id='word_1_161' title='bbox 997 2440 1028 2496; x_wconf 91' lang='lat' dir='ltr'>et</span> <span class='ocrx_word' id='word_1_162' title='bbox 1042 2435 1170 2497; x_wconf 83' lang='lat' dir='ltr'>Gallicis</span> <span class='ocrx_word' id='word_1_163' title='bbox 1188 2434 1406 2515; x_wconf 86' lang='lat' dir='ltr'>scriptoribus,</span> 
     </span>
     <span class='ocr_line' id='line_1_21' title="bbox 223 2540 1408 2632; baseline 0 -31"><span class='ocrx_word' id='word_1_164' title='bbox 223 2556 295 2632; x_wconf 25' lang='lat' dir='ltr'>&#39;nec</span> <span class='ocrx_word' id='word_1_165' title='bbox 315 2558 380 2601; x_wconf 90' lang='lat' dir='ltr'>non</span> <span class='ocrx_word' id='word_1_166' title='bbox 398 2540 613 2602; x_wconf 77' lang='lat' dir='ltr'>adhibitorum</span> <span class='ocrx_word' id='word_1_167' title='bbox 638 2543 810 2604; x_wconf 88' lang='lat' dir='ltr'>editionum</span> <span class='ocrx_word' id='word_1_168' title='bbox 834 2543 930 2603; x_wconf 83' lang='lat' dir='ltr'>index</span> <span class='ocrx_word' id='word_1_169' title='bbox 953 2541 1075 2621; x_wconf 88' lang='lat' dir='ltr'>integer</span> <span class='ocrx_word' id='word_1_170' title='bbox 1096 2542 1297 2603; x_wconf 82' lang='lat' dir='ltr'>subiacuerit.</span> <span class='ocrx_word' id='word_1_171' title='bbox 1321 2541 1408 2602; x_wconf 85' lang='lat' dir='ltr'>ludi-</span> 
     </span>
     <span class='ocr_line' id='line_1_22' title="bbox 239 2644 1409 2727; baseline -0.001 -18"><span class='ocrx_word' id='word_1_172' title='bbox 239 2644 318 2709; x_wconf 85' lang='lat' dir='ltr'>cabo</span> <span class='ocrx_word' id='word_1_173' title='bbox 332 2659 456 2725; x_wconf 84' lang='lat' dir='ltr'>quoque</span> <span class='ocrx_word' id='word_1_174' title='bbox 470 2648 550 2725; x_wconf 88' lang='lat' dir='ltr'>sigla</span> <span class='ocrx_word' id='word_1_175' title='bbox 564 2648 677 2727; x_wconf 89' lang='lat' dir='ltr'>quibus</span> <span class='ocrx_word' id='word_1_176' title='bbox 699 2649 740 2709; x_wconf 91' lang='lat' dir='ltr'>ad</span> <span class='ocrx_word' id='word_1_177' title='bbox 763 2650 904 2710; x_wconf 86' lang='lat' dir='ltr'>notanda</span> <span class='ocrx_word' id='word_1_178' title='bbox 926 2666 1025 2727; x_wconf 90' lang='lat' dir='ltr'>opera</span> <span class='ocrx_word' id='word_1_179' title='bbox 1047 2666 1223 2719; x_wconf 82' lang='lat' dir='ltr'>naussum,</span> <span class='ocrx_word' id='word_1_180' title='bbox 1242 2652 1277 2708; x_wconf 92' lang='lat' dir='ltr'>ut</span> <span class='ocrx_word' id='word_1_181' title='bbox 1298 2651 1409 2726; x_wconf 89' lang='lat' dir='ltr'>postea</span> 
     </span>
     <span class='ocr_line' id='line_1_23' title="bbox 238 2754 874 2835; baseline 0.003 -22"><span class='ocrx_word' id='word_1_182' title='bbox 238 2771 302 2832; x_wconf 82' lang='lat' dir='ltr'>nop</span> <span class='ocrx_word' id='word_1_183' title='bbox 316 2754 376 2815; x_wconf 91' lang='lat' dir='ltr'>nisi</span> <span class='ocrx_word' id='word_1_184' title='bbox 388 2754 625 2834; x_wconf 87' lang='lat' dir='ltr'>compendiario</span> <span class='ocrx_word' id='word_1_185' title='bbox 637 2757 727 2818; x_wconf 86' lang='lat' dir='ltr'>citari</span> <span class='ocrx_word' id='word_1_186' title='bbox 743 2757 874 2835; x_wconf 88' lang='lat' dir='ltr'>possint.</span> 
     </span>
    </p>
   </div>
   <div class='ocr_carea' id='block_1_3' title="bbox 303 3469 1344 3561">
    <p class='ocr_par' dir='ltr' id='par_1_4' title="bbox 303 3469 1344 3561">
     <span class='ocr_line' id='line_1_24' title="bbox 303 3469 1344 3561; baseline 0.003 -9"><span class='ocrx_word' id='word_1_187' title='bbox 303 3469 504 3555; x_wconf 89' lang='lat' dir='ltr'>INDEX</span> <span class='ocrx_word' id='word_1_188' title='bbox 534 3471 878 3560; x_wconf 81' lang='lat' dir='ltr'><strong>AVCTORVM</strong></span> <span class='ocrx_word' id='word_1_189' title='bbox 912 3473 990 3555; x_wconf 86' lang='lat' dir='ltr'>ET</span> <span class='ocrx_word' id='word_1_190' title='bbox 1023 3473 1344 3561; x_wconf 84' lang='lat' dir='ltr'>SIGLORVM</span> 
     </span>
    </p>
   </div>
   <div class='ocr_carea' id='block_1_4' title="bbox 242 3710 1412 4525">
    <p class='ocr_par' dir='ltr' id='par_1_5' title="bbox 242 3710 1410 3892">
     <span class='ocr_line' id='line_1_25' title="bbox 242 3710 1410 3793; baseline 0 -22"><span class='ocrx_word' id='word_1_191' title='bbox 242 3711 308 3771; x_wconf 80' lang='lat' dir='ltr'>Act.</span> <span class='ocrx_word' id='word_1_192' title='bbox 326 3710 415 3772; x_wconf 87' lang='lat' dir='ltr'>Mart.</span> <span class='ocrx_word' id='word_1_193' title='bbox 430 3742 471 3758; x_wconf 90' lang='lat'>-</span> <span class='ocrx_word' id='word_1_194' title='bbox 484 3711 561 3773; x_wconf 78' lang='lat' dir='ltr'>Acta</span> <span class='ocrx_word' id='word_1_195' title='bbox 575 3713 751 3791; x_wconf 90' lang='lat' dir='ltr'>primorum</span> <span class='ocrx_word' id='word_1_196' title='bbox 772 3714 944 3793; x_wconf 87' lang='lat' dir='ltr'>Martyrum</span> <span class='ocrx_word' id='word_1_197' title='bbox 959 3714 1093 3785; x_wconf 84' lang='lat' dir='ltr'>sincera,</span> <span class='ocrx_word' id='word_1_198' title='bbox 1115 3714 1164 3773; x_wconf 89' lang='lat' dir='ltr'>ed.</span> <span class='ocrx_word' id='word_1_199' title='bbox 1182 3713 1240 3773; x_wconf 85' lang='lat' dir='ltr'>Th.</span> <span class='ocrx_word' id='word_1_200' title='bbox 1264 3713 1410 3787; x_wconf 87' lang='lat' dir='ltr'>Ruinart,</span> 
     </span>
     <span class='ocr_line' id='line_1_26' title="bbox 441 3818 1136 3892; baseline 0.001 -13"><span class='ocrx_word' id='word_1_201' title='bbox 441 3819 526 3882; x_wconf 63' lang='lat' dir='ltr'>ded.</span> <span class='ocrx_word' id='word_1_202' title='bbox 542 3818 798 3891; x_wconf 84' lang='lat' dir='ltr'>Amstelaedami,</span> <span class='ocrx_word' id='word_1_203' title='bbox 815 3820 904 3892; x_wconf 80' lang='grc'><strong>1713,</strong></span> <span class='ocrx_word' id='word_1_204' title='bbox 922 3822 937 3878; x_wconf 96' lang='grc'><strong>1</strong></span> <span class='ocrx_word' id='word_1_205' title='bbox 953 3820 1016 3882; x_wconf 87' lang='lat' dir='ltr'>vol.</span> <span class='ocrx_word' id='word_1_206' title='bbox 1033 3820 1136 3881; x_wconf 84' lang='lat' dir='ltr'>in-lol.</span> 
     </span>
    </p>

    <p class='ocr_par' dir='ltr' id='par_1_6' title="bbox 243 3924 1409 4113">
     <span class='ocr_line' id='line_1_27' title="bbox 243 3924 1409 4006; baseline 0.001 -22"><span class='ocrx_word' id='word_1_207' title='bbox 243 3924 323 3987; x_wconf 84' lang='lat' dir='ltr'>Ann.</span> <span class='ocrx_word' id='word_1_208' title='bbox 335 3925 423 3987; x_wconf 84' lang='lat' dir='ltr'>Fuld.</span> <span class='ocrx_word' id='word_1_209' title='bbox 436 3960 475 3970; x_wconf 96' lang='lat'><em>-</em></span> <span class='ocrx_word' id='word_1_210' title='bbox 485 3926 621 3988; x_wconf 82' lang='lat' dir='ltr'>Annales</span> <span class='ocrx_word' id='word_1_211' title='bbox 629 3926 799 3988; x_wconf 85' lang='lat' dir='ltr'>Fuldenses</span> <span class='ocrx_word' id='word_1_212' title='bbox 805 3928 939 4006; x_wconf 89' lang='lat' dir='ltr'>antiqui,</span> <span class='ocrx_word' id='word_1_213' title='bbox 949 3944 1000 4005; x_wconf 84' lang='lat' dir='ltr'>ap.</span> <span class='ocrx_word' id='word_1_214' title='bbox 1013 3924 1093 3989; x_wconf 83' lang='lat' dir='ltr'>Mon.</span> <span class='ocrx_word' id='word_1_215' title='bbox 1107 3924 1206 3987; x_wconf 80' lang='lat' dir='ltr'>Gema.</span> <span class='ocrx_word' id='word_1_216' title='bbox 1218 3924 1297 3989; x_wconf 77' lang='lat' dir='ltr'>litat.</span> <span class='ocrx_word' id='word_1_217' title='bbox 1307 3929 1409 4000; x_wconf 83' lang='lat' dir='ltr'>Perta,</span> 
     </span>
     <span class='ocr_line' id='line_1_28' title="bbox 442 4034 722 4113; baseline 0.007 -19"><span class='ocrx_word' id='word_1_218' title='bbox 442 4038 466 4093; x_wconf 90' lang='lat' dir='ltr'>t.</span> <span class='ocrx_word' id='word_1_219' title='bbox 483 4034 520 4106; x_wconf 88' lang='lat' dir='ltr'>V,</span> <span class='ocrx_word' id='word_1_220' title='bbox 532 4053 564 4113; x_wconf 87' lang='lat' dir='ltr'>p.</span> <span class='ocrx_word' id='word_1_221' title='bbox 581 4035 639 4094; x_wconf 90' lang='grc'>116</span> <span class='ocrx_word' id='word_1_222' title='bbox 653 4052 722 4113; x_wconf 88' lang='lat' dir='ltr'>sqq.</span> 
     </span>
    </p>

    <p class='ocr_par' dir='ltr' id='par_1_7' title="bbox 243 4137 1411 4221">
     <span class='ocr_line' id='line_1_29' title="bbox 243 4137 1411 4221; baseline 0.002 -22"><span class='ocrx_word' id='word_1_223' title='bbox 243 4139 323 4201; x_wconf 77' lang='lat' dir='ltr'>dnn.</span> <span class='ocrx_word' id='word_1_224' title='bbox 339 4137 463 4201; x_wconf 85' lang='lat' dir='ltr'>SGerm.</span> <span class='ocrx_word' id='word_1_225' title='bbox 477 4172 519 4190; x_wconf 88' lang='lat'>-</span> <span class='ocrx_word' id='word_1_226' title='bbox 531 4139 666 4202; x_wconf 82' lang='lat' dir='ltr'>Annales</span> <span class='ocrx_word' id='word_1_227' title='bbox 680 4142 712 4203; x_wconf 80' lang='lat' dir='ltr'>S.</span> <span class='ocrx_word' id='word_1_228' title='bbox 727 4139 874 4203; x_wconf 86' lang='lat' dir='ltr'>Germani</span> <span class='ocrx_word' id='word_1_229' title='bbox 885 4139 1034 4213; x_wconf 68' lang='lat' dir='ltr'>minoi-ea,</span> <span class='ocrx_word' id='word_1_230' title='bbox 1046 4140 1135 4213; x_wconf 78' lang='lat' dir='ltr'>ibid,</span> <span class='ocrx_word' id='word_1_231' title='bbox 1157 4145 1180 4203; x_wconf 90' lang='lat' dir='ltr'>t.</span> <span class='ocrx_word' id='word_1_232' title='bbox 1197 4141 1248 4217; x_wconf 88' lang='lat' dir='ltr'>Vl,</span> <span class='ocrx_word' id='word_1_233' title='bbox 1258 4159 1290 4220; x_wconf 92' lang='lat' dir='ltr'>p.</span> <span class='ocrx_word' id='word_1_234' title='bbox 1307 4143 1326 4203; x_wconf 89' lang='lat'><strong>3</strong></span> <span class='ocrx_word' id='word_1_235' title='bbox 1340 4158 1411 4221; x_wconf 86' lang='lat' dir='ltr'>sqq.</span> 
     </span>
    </p>

    <p class='ocr_par' dir='ltr' id='par_1_8' title="bbox 244 4245 1412 4525">
     <span class='ocr_line' id='line_1_30' title="bbox 244 4245 1412 4327; baseline 0.001 -20"><span class='ocrx_word' id='word_1_236' title='bbox 244 4245 381 4308; x_wconf 72' lang='lat' dir='ltr'>Anthim.</span> <span class='ocrx_word' id='word_1_237' title='bbox 397 4281 437 4292; x_wconf 91' lang='lat'>—</span> <span class='ocrx_word' id='word_1_238' title='bbox 449 4246 589 4309; x_wconf 78' lang='lat' dir='ltr'>Anthimi</span> <span class='ocrx_word' id='word_1_239' title='bbox 610 4248 648 4308; x_wconf 87' lang='lat' dir='ltr'>de</span> <span class='ocrx_word' id='word_1_240' title='bbox 669 4248 891 4311; x_wconf 73' lang='lat' dir='ltr'>observatione</span> <span class='ocrx_word' id='word_1_241' title='bbox 906 4247 1047 4309; x_wconf 88' lang='lat' dir='ltr'>ciborum</span> <span class='ocrx_word' id='word_1_242' title='bbox 1062 4248 1196 4327; x_wconf 86' lang='lat' dir='ltr'>epistula</span> <span class='ocrx_word' id='word_1_243' title='bbox 1209 4249 1250 4310; x_wconf 89' lang='lat' dir='ltr'>ad</span> <span class='ocrx_word' id='word_1_244' title='bbox 1267 4247 1412 4308; x_wconf 89' lang='lat' dir='ltr'>Theude-</span> 
     </span>
     <span class='ocr_line' id='line_1_31' title="bbox 442 4353 1410 4434; baseline -0.001 -19"><span class='ocrx_word' id='word_1_245' title='bbox 442 4356 542 4417; x_wconf 90' lang='lat' dir='ltr'>ricum</span> <span class='ocrx_word' id='word_1_246' title='bbox 551 4372 660 4433; x_wconf 91' lang='lat' dir='ltr'>regem</span> <span class='ocrx_word' id='word_1_247' title='bbox 669 4356 874 4426; x_wconf 79' lang='lat' dir='ltr'>Francorum,</span> <span class='ocrx_word' id='word_1_248' title='bbox 890 4354 940 4416; x_wconf 87' lang='lat' dir='ltr'>ed.</span> <span class='ocrx_word' id='word_1_249' title='bbox 950 4355 987 4416; x_wconf 87' lang='lat' dir='ltr'>V.</span> <span class='ocrx_word' id='word_1_250' title='bbox 1002 4357 1095 4429; x_wconf 82' lang='lat' dir='ltr'>Rosa,</span> <span class='ocrx_word' id='word_1_251' title='bbox 1107 4354 1240 4434; x_wconf 87' lang='lat' dir='ltr'>Lipsiae,</span> <span class='ocrx_word' id='word_1_252' title='bbox 1255 4353 1410 4429; x_wconf 87' lang='lat' dir='ltr'>Teubner,</span> 
     </span>
     <span class='ocr_line' id='line_1_32' title="bbox 444 4464 532 4525; baseline 0 -2"><span class='ocrx_word' id='word_1_253' title='bbox 444 4464 532 4525; x_wconf 80' lang='lat'><strong>1877.</strong></span> 
     </span>
    </p>
   </div>
   <div class='ocr_carea' id='block_1_5' title="bbox 0 0 1558 5067">
    <p class='ocr_par' dir='ltr' id='par_1_9' title="bbox 0 0 1558 5067">
     <span class='ocr_line' id='line_1_33' title="bbox 0 0 1558 5067; baseline 0 0"><span class='ocrx_word' id='word_1_254' title='bbox 0 0 1558 5067; x_wconf 95' lang='lat' dir='ltr'> </span> 
     </span>
    </p>
   </div>
   <div class='ocr_carea' id='block_1_6' title="bbox 1538 0 1544 1016">
    <p class='ocr_par' dir='ltr' id='par_1_10' title="bbox 1538 0 1544 1016">
     <span class='ocr_line' id='line_1_34' title="bbox 1538 0 1544 1016; baseline 0 0"><span class='ocrx_word' id='word_1_255' title='bbox 1538 0 1544 1016; x_wconf 95' lang='lat' dir='ltr'> </span> 
     </span>
    </p>
   </div>
   <div class='ocr_carea' id='block_1_7' title="bbox 1534 0 1548 2394">
    <p class='ocr_par' dir='ltr' id='par_1_11' title="bbox 1534 0 1548 2394">
     <span class='ocr_line' id='line_1_35' title="bbox 1534 0 1548 2394; baseline 0 0"><span class='ocrx_word' id='word_1_256' title='bbox 1534 0 1548 2394; x_wconf 95' lang='lat' dir='ltr'> </span> 
     </span>
    </p>
   </div>
   <div class='ocr_carea' id='block_1_8' title="bbox 1538 2519 1544 3546">
    <p class='ocr_par' dir='ltr' id='par_1_12' title="bbox 1538 2519 1544 3546">
     <span class='ocr_line' id='line_1_36' title="bbox 1538 2519 1544 3546; baseline 0 0"><span class='ocrx_word' id='word_1_257' title='bbox 1538 2519 1544 3546; x_wconf 95' lang='lat' dir='ltr'> </span> 
     </span>
    </p>
   </div>
  </div>
 </body>
</html>
