3084 5067
650 399 788 458 ..7-

133 557 250 618 tionem
268 557 354 618 ded.
370 558 516 639 Draegm,
539 559 593 637 qui
613 560 799 642 novissimus
818 556 1001 620 diotericum
1018 555 1120 620 latini
1139 556 1292 621 Sermonis

132 660 283 743 spatam
297 662 339 745 (1)
351 663 459 725 ordine
474 682 570 746 quam
585 666 825 745 exquisitissimo
841 666 968 744 digessit
981 670 1012 727 et
1026 665 1170 728 absolvit.

58 848 64 855 ·
172 770 545 850 Ceteroquicorruptam,
560 771 684 846 aidini,
701 771 889 831 latinitatem
904 772 1065 850 adtingere
1076 776 1211 850 etquam
1225 772 1294 850 plu·

131 877 219 937 rimis
239 878 423 956 praesertim
453 877 485 937 in
508 875 609 938 Gallia
630 878 842 956 lierovingica
865 878 1015 957 exemplis
1035 878 1191 939 illustrare
1216 879 1295 948 mihi

132 985 322 1046 destinatum
336 988 391 1045 est.
409 984 450 1045 Ut
463 1000 537 1046 vero
552 985 674 1064 plenius
689 988 795 1062 pateat
811 983 913 1063 qualis
936 984 990 1044 illa
1009 984 1101 1045 fuerit
1121 985 1205 1064 apud
1225 1003 1293 1061 nos,

131 1093 207 1153 satis
218 1091 325 1171 ampla
338 1109 530 1171 praeponam
550 1092 723 1170 specimina
739 1090 924 1170 deprompta
940 1108 956 1152 e
971 1091 1117 1152 Patribus
1136 1091 1297 1154 ecclesias-

129 1199 200 1260 ticis
214 1199 268 1276 qui
282 1199 314 1257 in
330 1197 430 1258 Gallia
445 1215 483 1258 ex
494 1197 681 1259 Ausonianis
695 1196 890 1276 temporibus
904 1215 1000 1275 usque
1016 1197 1056 1257 ad
1069 1196 1193 1257 Avitum
1213 1197 1297 1258 intra

129 1304 193 1366 duo
214 1304 339 1366 saecula
362 1304 549 1365 floruerunt.
574 1304 714 1376 Quorum
736 1306 769 1364 in
793 1306 916 1383 scriptis
939 1322 1003 1366 non
1025 1322 1074 1365 me
1095 1304 1176 1381 fugit
1200 1321 1297 1365 novos

128 1412 313 1492 plerumque
328 1430 402 1473 usus
415 1429 573 1491 novasque
587 1412 756 1474 verborum
772 1413 1018 1474 constructiones
1028 1412 1113 1473 haud
1124 1414 1238 1474 merito
1253 1412 1295 1472 ad

127 1518 291 1597 vulgarem
305 1518 462 1597 quendam
476 1519 660 1597 gliscentem
674 1535 850 1579 sermonem
864 1535 955 1597 posse
973 1518 1094 1592 referri,
1111 1519 1165 1579 sed
1189 1517 1294 1598 potius

127 1625 169 1688 ad
183 1642 381 1687 communem
395 1630 426 1684 et
439 1626 514 1685 item
527 1629 711 1703 usurpatum
721 1625 761 1685 ab
775 1625 954 1685 auctoribus
964 1624 1079 1685 horum
1093 1624 1292 1685 saeculorum

128 1732 345 1795 ecelesiasticis
360 1750 462 1804 usum,
479 1748 635 1810 quemque
649 1721 894 1809 reperias'prope
909 1730 1044 1791 eundem
1053 1734 1122 1790 tum
1132 1732 1164 1789 in
1176 1729 1295 1807 Augus-

127 1838 267 1912 timeris,
289 1843 357 1899 tum
371 1838 404 1898 in
417 1837 668 1917 Hieronymianis
682 1837 829 1915 operibus
843 1836 896 1917 (Ξ).
913 1835 1058 1897 Attamen
1071 1836 1160 1897 nulla
1174 1853 1190 1896 e
1211 1835 1295 1897 bona

127 1944 168 2005 ad
181 1944 324 2005 infimam
337 1944 525 2005 latinitatem
538 1942 721 2003 transeundi
741 1944 823 2003 ratio
839 1944 941 2020 aptior
950 1943 1018 2003 visa
1030 1946 1075 2003 est
1084 1941 1135 2002 vel
1145 1943 1295 2005 materiae

125 2055 252 2113 nostrae
277 2049 562 2112 accommodatior:
585 2048 820 2110 concedendum
841 2052 887 2109 est
909 2049 1060 2108 nimirum
1081 2048 1165 2127 apud
1191 2048 1291 2111 dictos

126 2159 296 2237 scriptores
310 2158 447 2236 genuina
456 2155 642 2218 tabescentis
652 2156 839 2216 iamdudum
849 2156 882 2215 in
893 2154 993 2216 Gallia
1002 2155 1165 2215 latinitatis
1174 2156 1292 2218 indicia

124 2281 192 2324 non
204 2263 301 2325 semel
315 2264 417 2342 detegi
431 2281 532 2343 posse,
550 2280 622 2324 cum
643 2264 726 2341 ipsos
747 2262 907 2322 interdum
928 2260 1196 2321 barbarismorum
1221 2277 1292 2323 reas

127 2370 311 2431 confitentes
323 2370 498 2431 habeamus
513 2368 564 2450 (3).

166 2477 199 2538 Si
211 2478 257 2538 ire
269 2493 362 2555 porra
376 2492 489 2555 pergas
502 2476 690 2537 latinitatem
705 2475 950 2553 merovingicam
965 2476 1048 2535 intra
1069 2478 1204 2548 sextum,
1223 2492 1292 2554 sep-

123 2585 239 2644 timum
253 2587 284 2643 et
299 2587 444 2644 octavum
458 2582 617 2644 saeculum
637 2583 740 2676 spatio
756 2583 909 2660 temporis
923 2581 1076 2643 inclusam
1097 2598 1162 2642 esse
1186 2580 1290 2642 dicam

124 2691 211 2769 quod
228 2709 248 2750 a
267 2688 485 2751 Ghlodovecho
509 2689 687 2751 extenditur
708 2706 804 2767 usque
824 2688 864 2748 ad
885 2688 1037 2748 Karolum
1054 2689 1213 2766 Magnum.
1229 2688 1299 2748 Nec

125 2801 174 2859 est
184 2795 236 2858 hic
250 2797 338 2858 locus
349 2795 522 2856 disserendi
537 2794 575 2855 de
591 2781 824 2872 merovingicae
838 2793 967 2870 linguae
982 2793 1132 2865 fontibus,
1146 2810 1217 2854 cum
1227 2809 1295 2852 rem

124 2910 193 2966 tam
206 2905 355 2982 exiguam
370 2903 412 2963 ad
426 2920 575 2981 praesens
589 2901 750 2962 absolvere
766 2902 799 2959 in
814 2899 874 2961 hoo
895 2899 1045 2979 opusculo
1064 2903 1195 2971 tentem,
1212 2898 1295 2959 scili-

48 2991 52 2998 *
125 3015 177 3072 cet
191 3011 283 3070 unius
296 3009 470 3088 particulae
485 3027 560 3068 usus
574 3008 739 3068 illustrare.
757 3008 969 3068 Veruntamen
993 3006 1135 3084 quaestio
1150 3005 1191 3066 ad
1212 3005 1295 3065 hanc

124 3133 227 3196 usque
242 3116 325 3177 diem
347 3115 516 3176 universim
536 3132 628 3193 saepe
655 3114 735 3174 mihi
752 3112 875 3174 videtur
886 3112 936 3173 vel
951 3112 993 3172 ad
1016 3111 1167 3173 historica
1187 3111 1293 3192 potius

159 3432 192 3496 tt)
203 3430 365 3495 altraegsr.
380 3426 535 3482 Historiaete
554 3426 660 3492 spatam
672 3426 719 3477 der
728 3424 900 3478 tutetabctan
911 3422 1035 3490 Spracte,
1050 3423 1160 3488 imag,
1176 3417 1288 3486 itit-tt,

125 3521 206 3573 anua
220 3521 248 3571 in
258 3522 282 3573 2.

153 3609 188 3674 (a)
202 3609 240 3660 Ad
254 3610 414 3662 noscendam
433 3608 638 3659 ecclesiasticam
656 3606 813 3658 latinitatem
838 3604 968 3655 neminem
980 3615 1090 3668 prorsus
1110 3602 1178 3667 fugit
1199 3603 1295 3666 qnaati

126 3699 161 3750 ait
184 3698 261 3763 pretii
287 3698 353 3750 liber
377 3709 455 3762 quem
482 3702 558 3748 tanta
583 3709 673 3747 rerum
698 3695 807 3745 scientia
840 3694 929 3758 paucis
954 3692 1050 3743 abhinc
1075 3691 1151 3742 annis
1173 3691 1290 3742 condfflit

126 3789 158 3839 H.
174 3788 304 3846 Roenaob
318 3785 393 3838 Itala
402 3785 459 3836 und
475 3785 597 3853 Vulgata,
611 3784 661 3835 dua
675 3781 860 3850 Sprcctida'om
874 3782 922 3833 der
935 3780 1135 3832 urctttsttietea
1151 3781 1223 3832 itata
1238 3780 1295 3832 aad

125 3877 174 3929 der
192 3876 353 3930 katottactten
371 3875 486 3943 Vulgata
506 3877 584 3927 anter
601 3872 849 3940 Bertctniclttipuap
867 3873 915 3923 der
939 3858 1082 3923 eriacten
1106 3868 1292 3935 Voltetpraclte

125 3950 723 4031 uocaaopeoertiocm,uuourg‚ran.
1261 3969 1264 3974 ·

157 4054 192 4120 (itt
209 4074 221 4099 r
233 4055 297 4106 Gum
311 4066 404 4105 rumor
418 4066 449 4104 ex
459 4053 532 4104 vebia
548 4052 686 4113 incurriset,
703 4052 772 4116 quod
786 4051 812 4101 in
831 4049 947 4111 homilia,
963 4061 1044 4114 quam
1063 4059 1148 4110 nuper
1161 4045 1195 4096 ad
1209 4059 1292 4110 popu-

125 4145 181 4195 lum
196 4144 395 4209 Lugdunensem
404 4142 431 4194 in
442 4142 603 4193 dedicatiom
616 4141 740 4193 basiicae
751 4140 841 4191 videor
849 4139 1029 4198 concionatus,
1040 4136 1237 4187 barbarismum
1248 4141 1296 4185 nie

124 4233 268 4292 incurrisse
280 4233 381 4294 diretta
395 4232 484 4296 palam
494 4231 591 4282 aciimt
604 4231 770 4296 satagentes,
783 4230 854 4293 quod
872 4229 899 4278 in
915 4227 1020 4292 publiea
1035 4225 1155 4277 oratione
1166 4237 1294 4289 peccava-

126 4322 196 4376 rim:
217 4321 304 4374 fateor
324 4320 394 4372 istud
413 4320 529 4385 potuisse
548 4320 707 4385 contingere,
729 4318 884 4382 praesertim
897 4316 969 4377 mibi,
989 4316 1040 4375 cul,
1054 4314 1076 4364 ai
1094 4326 1147 4378 qua
1166 4314 1193 4363 ia
1214 4304 1291 4363 anaia

126 4411 292 4464 viridioribus
311 4410 419 4462 sumunt
441 4408 528 4460 studia
546 4408 704 4469 litterarum,
723 4407 814 4458 omnia
829 4406 880 4457 fert
900 4410 982 4457 aetat.
996 4424 1009 4449 v
1027 4403 1135 4468 (antus,
1158 4401 1234 4468 optat.
1246 4402 1286 4463 tv,

126 4503 217 4570 odi-t
