<?xml version="1.0" encoding="UTF-8"?>
<!DOCTYPE html PUBLIC "-//W3C//DTD XHTML 1.0 Transitional//EN"
    "http://www.w3.org/TR/xhtml1/DTD/xhtml1-transitional.dtd">
<html xmlns="http://www.w3.org/1999/xhtml" xml:lang="en" lang="en">
 <head>
  <title>
</title>
<meta http-equiv="Content-Type" content="text/html;charset=utf-8" />
  <meta name='ocr-system' content='tesseract 3.04.00' />
  <meta name='ocr-capabilities' content='ocr_page ocr_carea ocr_par ocr_line ocrx_word'/>
</head>
<body>
  <div class='ocr_page' id='page_1' title='image "./depropositionea00bourgoog_0080.png"; bbox 0 0 3084 5067; ppageno 0'>
   <div class='ocr_carea' id='block_1_1' title="bbox 751 349 911 410">
    <p class='ocr_par' dir='ltr' id='par_1_1' title="bbox 751 349 911 410">
     <span class='ocr_line' id='line_1_1' title="bbox 751 349 911 410; baseline -0.006 -15"><span class='ocrx_word' id='word_1_1' title='bbox 751 349 911 410; x_wconf 68' lang='lat'>..04-</span> 
     </span>
    </p>
   </div>
   <div class='ocr_carea' id='block_1_2' title="bbox 238 506 1410 2515">
    <p class='ocr_par' dir='ltr' id='par_1_2' title="bbox 242 506 1410 1231">
     <span class='ocr_line' id='line_1_2' title="bbox 242 506 1408 589; baseline -0.002 -18"><span class='ocrx_word' id='word_1_2' title='bbox 242 510 283 571; x_wconf 91' lang='lat' dir='ltr'><strong>ad</strong></span> <span class='ocrx_word' id='word_1_3' title='bbox 299 507 405 589; x_wconf 84' lang='lat' dir='ltr'><strong>prisca</strong></span> <span class='ocrx_word' id='word_1_4' title='bbox 417 511 619 570; x_wconf 81' lang='lat' dir='ltr'><strong>monumenta</strong></span> <span class='ocrx_word' id='word_1_5' title='bbox 632 506 761 581; x_wconf 87' lang='lat' dir='ltr'><strong>adtinet,</strong></span> <span class='ocrx_word' id='word_1_6' title='bbox 776 508 930 588; x_wconf 82' lang='lat' dir='ltr'><strong>particule</strong></span> <span class='ocrx_word' id='word_1_7' title='bbox 944 510 964 571; x_wconf 82' lang='lat' dir='ltr'><strong>d</strong></span> <span class='ocrx_word' id='word_1_8' title='bbox 978 508 1174 589; x_wconf 83' lang='lat' dir='ltr'><strong>praedictum</strong></span> <span class='ocrx_word' id='word_1_9' title='bbox 1188 526 1317 570; x_wconf 89' lang='lat' dir='ltr'><strong>sensum</strong></span> <span class='ocrx_word' id='word_1_10' title='bbox 1330 507 1408 570; x_wconf 90' lang='lat' dir='ltr'><strong>reti·</strong></span> 
     </span>
     <span class='ocr_line' id='line_1_3' title="bbox 242 614 1408 696; baseline 0.001 -21"><span class='ocrx_word' id='word_1_11' title='bbox 242 614 348 676; x_wconf 85' lang='lat' dir='ltr'><strong>nuisse</strong></span> <span class='ocrx_word' id='word_1_12' title='bbox 360 616 483 677; x_wconf 81' lang='lat' dir='ltr'><strong>videtur</strong></span> <span class='ocrx_word' id='word_1_13' title='bbox 498 615 663 694; x_wconf 74' lang='lat' dir='ltr'>praecipue</span> <span class='ocrx_word' id='word_1_14' title='bbox 679 620 751 694; x_wconf 86' lang='lat' dir='ltr'><strong>post</strong></span> <span class='ocrx_word' id='word_1_15' title='bbox 762 616 916 677; x_wconf 83' lang='lat' dir='ltr'><strong>adiectiva</strong></span> <span class='ocrx_word' id='word_1_16' title='bbox 930 634 1010 694; x_wconf 87' lang='lat' dir='ltr'><strong>quae</strong></span> <span class='ocrx_word' id='word_1_17' title='bbox 1026 614 1110 677; x_wconf 83' lang='lat' dir='ltr'><strong>velut</strong></span> <span class='ocrx_word' id='word_1_18' title='bbox 1126 615 1211 696; x_wconf 76' lang='lat' dir='ltr'><strong>utile,</strong></span> <span class='ocrx_word' id='word_1_19' title='bbox 1229 614 1297 691; x_wconf 80' lang='lat' dir='ltr'><strong>bon,</strong></span> <span class='ocrx_word' id='word_1_20' title='bbox 1311 614 1408 694; x_wconf 73' lang='lat' dir='ltr'><strong>profi-</strong></span> 
     </span>
     <span class='ocr_line' id='line_1_4' title="bbox 243 721 1407 801; baseline 0 -18"><span class='ocrx_word' id='word_1_21' title='bbox 243 721 323 783; x_wconf 82' lang='lat' dir='ltr'><strong>teble</strong></span> <span class='ocrx_word' id='word_1_22' title='bbox 333 722 461 783; x_wconf 89' lang='lat' dir='ltr'><strong>finalem</strong></span> <span class='ocrx_word' id='word_1_23' title='bbox 475 727 581 801; x_wconf 88' lang='lat' dir='ltr'><strong>aperte</strong></span> <span class='ocrx_word' id='word_1_24' title='bbox 595 721 754 782; x_wconf 89' lang='lat' dir='ltr'><strong>notionem</strong></span> <span class='ocrx_word' id='word_1_25' title='bbox 769 722 934 782; x_wconf 77' lang='lat' dir='ltr'><strong>exhibent:</strong></span> <span class='ocrx_word' id='word_1_26' title='bbox 951 722 1015 783; x_wconf 87' lang='lat' dir='ltr'><strong>Gist</strong></span> <span class='ocrx_word' id='word_1_27' title='bbox 1026 726 1098 783; x_wconf 86' lang='lat' dir='ltr'><strong>sunt</strong></span> <span class='ocrx_word' id='word_1_28' title='bbox 1111 723 1173 783; x_wconf 87' lang='lat' dir='ltr'><strong>bon</strong></span> <span class='ocrx_word' id='word_1_29' title='bbox 1187 741 1207 783; x_wconf 87' lang='lat' dir='ltr'><strong>a</strong></span> <span class='ocrx_word' id='word_1_30' title='bbox 1221 721 1407 784; x_wconf 85' lang='lat' dir='ltr'><strong>cunfundre.</strong></span> 
     </span>
     <span class='ocr_line' id='line_1_5' title="bbox 244 827 1409 909; baseline -0.002 -20"><span class='ocrx_word' id='word_1_31' title='bbox 244 830 312 892; x_wconf 75' lang='lat' dir='ltr'><strong>[tol.</strong></span> <span class='ocrx_word' id='word_1_32' title='bbox 330 830 420 892; x_wconf 82' lang='grc'><strong>1199.</strong></span> <span class='ocrx_word' id='word_1_33' title='bbox 434 862 476 875; x_wconf 93' lang='grc'>-</span> <span class='ocrx_word' id='word_1_34' title='bbox 490 828 559 889; x_wconf 92' lang='lat' dir='ltr'><strong>Utle</strong></span> <span class='ocrx_word' id='word_1_35' title='bbox 575 846 592 889; x_wconf 89' lang='lat' dir='ltr'><strong>e</strong></span> <span class='ocrx_word' id='word_1_36' title='bbox 606 827 771 908; x_wconf 85' lang='lat' dir='ltr'><strong>profitabie</strong></span> <span class='ocrx_word' id='word_1_37' title='bbox 785 846 805 889; x_wconf 84' lang='lat' dir='ltr'><strong>a</strong></span> <span class='ocrx_word' id='word_1_38' title='bbox 825 847 899 889; x_wconf 92' lang='lat' dir='ltr'><strong>mon</strong></span> <span class='ocrx_word' id='word_1_39' title='bbox 923 848 972 891; x_wconf 89' lang='lat' dir='ltr'><strong>os.</strong></span> <span class='ocrx_word' id='word_1_40' title='bbox 997 830 1083 902; x_wconf 85' lang='lat' dir='ltr'><strong>Rois,</strong></span> <span class='ocrx_word' id='word_1_41' title='bbox 1098 847 1131 909; x_wconf 91' lang='lat' dir='ltr'><strong>p.</strong></span> <span class='ocrx_word' id='word_1_42' title='bbox 1148 830 1217 891; x_wconf 89' lang='grc'><strong>113.</strong></span> <span class='ocrx_word' id='word_1_43' title='bbox 1232 862 1272 874; x_wconf 93' lang='grc'>-</span> <span class='ocrx_word' id='word_1_44' title='bbox 1285 830 1311 889; x_wconf 78' lang='grc' dir='ltr'><strong>Α</strong></span> <span class='ocrx_word' id='word_1_45' title='bbox 1325 833 1409 890; x_wconf 87' lang='lat' dir='ltr'><strong>ceste</strong></span> 
     </span>
     <span class='ocr_line' id='line_1_6' title="bbox 242 935 1410 1016; baseline -0.001 -18"><span class='ocrx_word' id='word_1_46' title='bbox 242 954 334 999; x_wconf 87' lang='lat' dir='ltr'><strong>amor</strong></span> <span class='ocrx_word' id='word_1_47' title='bbox 351 941 423 997; x_wconf 88' lang='lat' dir='ltr'><strong>suut</strong></span> <span class='ocrx_word' id='word_1_48' title='bbox 439 940 512 1016; x_wconf 81' lang='lat' dir='ltr'><strong>pres</strong></span> <span class='ocrx_word' id='word_1_49' title='bbox 533 940 564 996; x_wconf 89' lang='lat' dir='ltr'><strong>et</strong></span> <span class='ocrx_word' id='word_1_50' title='bbox 578 940 709 1014; x_wconf 84' lang='lat' dir='ltr'><strong>prestes.</strong></span> <span class='ocrx_word' id='word_1_51' title='bbox 726 936 819 1010; x_wconf 86' lang='lat' dir='ltr'><strong>Reae,</strong></span> <span class='ocrx_word' id='word_1_52' title='bbox 830 936 920 997; x_wconf 82' lang='grc'><strong>6511.</strong></span> <span class='ocrx_word' id='word_1_53' title='bbox 932 937 977 996; x_wconf 91' lang='lat' dir='ltr'><strong>Ne</strong></span> <span class='ocrx_word' id='word_1_54' title='bbox 991 935 1185 997; x_wconf 84' lang='lat' dir='ltr'><strong>obliviscaris</strong></span> <span class='ocrx_word' id='word_1_55' title='bbox 1196 937 1255 997; x_wconf 91' lang='lat' dir='ltr'><strong>has</strong></span> <span class='ocrx_word' id='word_1_56' title='bbox 1266 935 1410 1013; x_wconf 75' lang='lat' dir='ltr'><strong>designa-</strong></span> 
     </span>
     <span class='ocr_line' id='line_1_7' title="bbox 242 1040 1409 1123; baseline -0.001 -18"><span class='ocrx_word' id='word_1_57' title='bbox 242 1043 355 1115; x_wconf 78' lang='lat' dir='ltr'><strong>tiones,</strong></span> <span class='ocrx_word' id='word_1_58' title='bbox 375 1040 452 1103; x_wconf 86' lang='lat' dir='ltr'><strong>satis</strong></span> <span class='ocrx_word' id='word_1_59' title='bbox 473 1060 563 1103; x_wconf 87' lang='lat' dir='ltr'><strong>raras</strong></span> <span class='ocrx_word' id='word_1_60' title='bbox 595 1043 628 1102; x_wconf 91' lang='grc'><strong>111</strong></span> <span class='ocrx_word' id='word_1_61' title='bbox 655 1043 785 1121; x_wconf 85' lang='lat' dir='ltr'><strong>antiquo</strong></span> <span class='ocrx_word' id='word_1_62' title='bbox 813 1059 972 1115; x_wconf 87' lang='lat' dir='ltr'><strong>sermone,</strong></span> <span class='ocrx_word' id='word_1_63' title='bbox 1000 1043 1100 1105; x_wconf 90' lang='lat' dir='ltr'><strong>multo</strong></span> <span class='ocrx_word' id='word_1_64' title='bbox 1127 1042 1355 1123; x_wconf 79' lang='lat' dir='ltr'><strong>frequentiores</strong></span> <span class='ocrx_word' id='word_1_65' title='bbox 1375 1042 1409 1103; x_wconf 89' lang='lat' dir='ltr'><strong>iu</strong></span> 
     </span>
     <span class='ocr_line' id='line_1_8' title="bbox 242 1148 1187 1231; baseline 0 -18"><span class='ocrx_word' id='word_1_66' title='bbox 242 1150 365 1229; x_wconf 88' lang='lat' dir='ltr'><strong>seriptis</strong></span> <span class='ocrx_word' id='word_1_67' title='bbox 383 1151 424 1212; x_wconf 85' lang='lat' dir='ltr'><strong>ad</strong></span> <span class='ocrx_word' id='word_1_68' title='bbox 437 1148 597 1229; x_wconf 88' lang='lat' dir='ltr'><strong>exemplar</strong></span> <span class='ocrx_word' id='word_1_69' title='bbox 613 1148 796 1211; x_wconf 85' lang='lat' dir='ltr'><strong>Latinorum</strong></span> <span class='ocrx_word' id='word_1_70' title='bbox 810 1150 1006 1211; x_wconf 77' lang='lat' dir='ltr'><strong>documentis</strong></span> <span class='ocrx_word' id='word_1_71' title='bbox 1020 1168 1187 1231; x_wconf 85' lang='lat' dir='ltr'><strong>apparere.</strong></span> 
     </span>
    </p>

    <p class='ocr_par' dir='ltr' id='par_1_3' title="bbox 241 1255 1410 1654">
     <span class='ocr_line' id='line_1_9' title="bbox 282 1255 1409 1336; baseline -0.003 -18"><span class='ocrx_word' id='word_1_72' title='bbox 282 1258 323 1318; x_wconf 90' lang='lat' dir='ltr'><strong>Ut</strong></span> <span class='ocrx_word' id='word_1_73' title='bbox 335 1256 472 1319; x_wconf 80' lang='lat' dir='ltr'><strong>breuiter</strong></span> <span class='ocrx_word' id='word_1_74' title='bbox 485 1274 567 1336; x_wconf 89' lang='lat' dir='ltr'><strong>quae</strong></span> <span class='ocrx_word' id='word_1_75' title='bbox 579 1258 674 1319; x_wconf 82' lang='lat' dir='ltr'><strong>tertio</strong></span> <span class='ocrx_word' id='word_1_76' title='bbox 688 1256 750 1318; x_wconf 93' lang='lat' dir='ltr'><strong>hoc</strong></span> <span class='ocrx_word' id='word_1_77' title='bbox 774 1255 874 1336; x_wconf 85' lang='lat' dir='ltr'><strong>capite</strong></span> <span class='ocrx_word' id='word_1_78' title='bbox 891 1257 1022 1336; x_wconf 85' lang='lat' dir='ltr'><strong>exposui</strong></span> <span class='ocrx_word' id='word_1_79' title='bbox 1044 1258 1281 1331; x_wconf 84' lang='lat' dir='ltr'><strong>contrahantur,</strong></span> <span class='ocrx_word' id='word_1_80' title='bbox 1297 1257 1409 1320; x_wconf 85' lang='lat' dir='ltr'><strong>obser-</strong></span> 
     </span>
     <span class='ocr_line' id='line_1_10' title="bbox 241 1361 1410 1443; baseline 0 -17"><span class='ocrx_word' id='word_1_81' title='bbox 241 1381 351 1426; x_wconf 85' lang='lat' dir='ltr'><strong>vemus</strong></span> <span class='ocrx_word' id='word_1_82' title='bbox 369 1363 634 1443; x_wconf 77' lang='lat' dir='ltr'><strong>praepositionem</strong></span> <span class='ocrx_word' id='word_1_83' title='bbox 646 1361 687 1424; x_wconf 83' lang='lat' dir='ltr'><strong>ed</strong></span> <span class='ocrx_word' id='word_1_84' title='bbox 700 1362 866 1425; x_wconf 82' lang='lat' dir='ltr'><strong>retinuisse</strong></span> <span class='ocrx_word' id='word_1_85' title='bbox 885 1365 918 1425; x_wconf 93' lang='lat' dir='ltr'><strong>in</strong></span> <span class='ocrx_word' id='word_1_86' title='bbox 933 1363 1147 1442; x_wconf 80' lang='lat' dir='ltr'><strong>merovingica</strong></span> <span class='ocrx_word' id='word_1_87' title='bbox 1166 1364 1324 1426; x_wconf 73' lang='lat' dir='ltr'><strong>latinitate</strong></span> <span class='ocrx_word' id='word_1_88' title='bbox 1343 1365 1410 1426; x_wconf 87' lang='lat' dir='ltr'><strong>vim</strong></span> 
     </span>
     <span class='ocr_line' id='line_1_11' title="bbox 241 1469 1409 1551; baseline 0 -19"><span class='ocrx_word' id='word_1_89' title='bbox 241 1469 379 1543; x_wconf 76' lang='lat' dir='ltr'><strong>umlem,</strong></span> <span class='ocrx_word' id='word_1_90' title='bbox 391 1470 455 1531; x_wconf 85' lang='lat' dir='ltr'><strong>sive</strong></span> <span class='ocrx_word' id='word_1_91' title='bbox 464 1470 645 1548; x_wconf 85' lang='lat' dir='ltr'><strong>insequatur</strong></span> <span class='ocrx_word' id='word_1_92' title='bbox 653 1487 769 1532; x_wconf 89' lang='lat' dir='ltr'><strong>nomen</strong></span> <span class='ocrx_word' id='word_1_93' title='bbox 782 1470 1024 1546; x_wconf 73' lang='lat' dir='ltr'><strong>substantium,</strong></span> <span class='ocrx_word' id='word_1_94' title='bbox 1035 1472 1101 1532; x_wconf 84' lang='lat' dir='ltr'><strong>sive</strong></span> <span class='ocrx_word' id='word_1_95' title='bbox 1110 1471 1311 1549; x_wconf 79' lang='lat' dir='ltr'><strong>gerundium,</strong></span> <span class='ocrx_word' id='word_1_96' title='bbox 1322 1471 1409 1551; x_wconf 91' lang='lat' dir='ltr'><strong>quod</strong></span> 
     </span>
     <span class='ocr_line' id='line_1_12' title="bbox 241 1575 1213 1654; baseline 0.001 -15"><span class='ocrx_word' id='word_1_97' title='bbox 241 1577 456 1639; x_wconf 85' lang='lat' dir='ltr'><strong>Romanorum</strong></span> <span class='ocrx_word' id='word_1_98' title='bbox 471 1575 566 1637; x_wconf 88' lang='lat' dir='ltr'><strong>etiam</strong></span> <span class='ocrx_word' id='word_1_99' title='bbox 578 1575 798 1637; x_wconf 89' lang='lat' dir='ltr'><strong>consuetudini</strong></span> <span class='ocrx_word' id='word_1_100' title='bbox 811 1575 913 1654; x_wconf 83' lang='lat' dir='ltr'><strong>magia</strong></span> <span class='ocrx_word' id='word_1_101' title='bbox 928 1577 1213 1640; x_wconf 86' lang='lat' dir='ltr'><strong>accommodatum.</strong></span> 
     </span>
    </p>

    <p class='ocr_par' dir='ltr' id='par_1_4' title="bbox 238 1682 1408 2515">
     <span class='ocr_line' id='line_1_13' title="bbox 280 1682 1406 1765; baseline 0.001 -19"><span class='ocrx_word' id='word_1_102' title='bbox 280 1682 313 1746; x_wconf 86' lang='lat' dir='ltr'><strong>Si</strong></span> <span class='ocrx_word' id='word_1_103' title='bbox 326 1701 403 1746; x_wconf 85' lang='lat' dir='ltr'><strong>vero</strong></span> <span class='ocrx_word' id='word_1_104' title='bbox 417 1683 458 1744; x_wconf 90' lang='lat' dir='ltr'><strong>ad</strong></span> <span class='ocrx_word' id='word_1_105' title='bbox 472 1686 618 1743; x_wconf 87' lang='lat' dir='ltr'><strong>naturam</strong></span> <span class='ocrx_word' id='word_1_106' title='bbox 631 1682 796 1743; x_wconf 90' lang='lat' dir='ltr'><strong>nominum</strong></span> <span class='ocrx_word' id='word_1_107' title='bbox 811 1700 828 1744; x_wconf 87' lang='lat' dir='ltr'><strong>e</strong></span> <span class='ocrx_word' id='word_1_108' title='bbox 843 1683 955 1761; x_wconf 76' lang='lat' dir='ltr'><strong>quinum</strong></span> <span class='ocrx_word' id='word_1_109' title='bbox 969 1684 1124 1763; x_wconf 81' lang='lat' dir='ltr'><strong>particula</strong></span> <span class='ocrx_word' id='word_1_110' title='bbox 1136 1685 1252 1763; x_wconf 84' lang='lat' dir='ltr'><strong>pendet</strong></span> <span class='ocrx_word' id='word_1_111' title='bbox 1273 1689 1406 1765; x_wconf 85' lang='lat' dir='ltr'><strong>spectes,</strong></span> 
     </span>
     <span class='ocr_line' id='line_1_14' title="bbox 240 1787 1406 1866; baseline 0.004 -16"><span class='ocrx_word' id='word_1_112' title='bbox 240 1789 455 1851; x_wconf 77' lang='lat' dir='ltr'><strong>animadverte</strong></span> <span class='ocrx_word' id='word_1_113' title='bbox 469 1787 664 1849; x_wconf 81' lang='lat' dir='ltr'><strong>substantiva</strong></span> <span class='ocrx_word' id='word_1_114' title='bbox 677 1793 708 1849; x_wconf 89' lang='lat' dir='ltr'><strong>et</strong></span> <span class='ocrx_word' id='word_1_115' title='bbox 722 1788 877 1851; x_wconf 86' lang='lat' dir='ltr'><strong>adiectiva</strong></span> <span class='ocrx_word' id='word_1_116' title='bbox 888 1790 998 1851; x_wconf 83' lang='lat' dir='ltr'><strong>usibus</strong></span> <span class='ocrx_word' id='word_1_117' title='bbox 1010 1794 1231 1855; x_wconf 83' lang='lat' dir='ltr'><strong>tautummodo</strong></span> <span class='ocrx_word' id='word_1_118' title='bbox 1241 1792 1406 1866; x_wconf 87' lang='lat' dir='ltr'><strong>inservire,</strong></span> 
     </span>
     <span class='ocr_line' id='line_1_15' title="bbox 240 1896 1408 1979; baseline 0.005 -23"><span class='ocrx_word' id='word_1_119' title='bbox 240 1896 292 1977; x_wconf 89' lang='lat' dir='ltr'><strong>qui</strong></span> <span class='ocrx_word' id='word_1_120' title='bbox 307 1896 377 1976; x_wconf 89' lang='lat' dir='ltr'><strong>plus</strong></span> <span class='ocrx_word' id='word_1_121' title='bbox 397 1900 501 1958; x_wconf 91' lang='lat' dir='ltr'><strong>minus</strong></span> <span class='ocrx_word' id='word_1_122' title='bbox 522 1898 668 1977; x_wconf 86' lang='lat' dir='ltr'><strong>syntaxin</strong></span> <span class='ocrx_word' id='word_1_123' title='bbox 688 1896 820 1958; x_wconf 88' lang='lat' dir='ltr'><strong>latinam</strong></span> <span class='ocrx_word' id='word_1_124' title='bbox 844 1897 992 1960; x_wconf 80' lang='lat' dir='ltr'><strong>referant</strong></span> <span class='ocrx_word' id='word_1_125' title='bbox 1013 1899 1091 1960; x_wconf 81' lang='lat' dir='ltr'><strong>Cum</strong></span> <span class='ocrx_word' id='word_1_126' title='bbox 1114 1903 1220 1959; x_wconf 88' lang='lat' dir='ltr'><strong>autem</strong></span> <span class='ocrx_word' id='word_1_127' title='bbox 1243 1902 1376 1979; x_wconf 88' lang='lat' dir='ltr'><strong>pendeat</strong></span> <span class='ocrx_word' id='word_1_128' title='bbox 1389 1919 1408 1962; x_wconf 91' lang='lat' dir='ltr'><strong>e</strong></span> 
     </span>
     <span class='ocr_line' id='line_1_16' title="bbox 238 2003 1408 2083; baseline 0.002 -17"><span class='ocrx_word' id='word_1_129' title='bbox 238 2003 342 2066; x_wconf 86' lang='lat' dir='ltr'><strong>verbis</strong></span> <span class='ocrx_word' id='word_1_130' title='bbox 357 2004 522 2083; x_wconf 86' lang='lat' dir='ltr'><strong>particule,</strong></span> <span class='ocrx_word' id='word_1_131' title='bbox 538 2004 588 2065; x_wconf 92' lang='lat' dir='ltr'><strong>his</strong></span> <span class='ocrx_word' id='word_1_132' title='bbox 601 2003 679 2065; x_wconf 89' lang='lat' dir='ltr'><strong>iocis</strong></span> <span class='ocrx_word' id='word_1_133' title='bbox 694 2022 767 2066; x_wconf 83' lang='lat' dir='ltr'><strong>vere</strong></span> <span class='ocrx_word' id='word_1_134' title='bbox 782 2022 882 2066; x_wconf 85' lang='lat' dir='ltr'><strong>novas</strong></span> <span class='ocrx_word' id='word_1_135' title='bbox 896 2005 1142 2066; x_wconf 81' lang='lat' dir='ltr'><strong>constructiones</strong></span> <span class='ocrx_word' id='word_1_136' title='bbox 1155 2006 1292 2083; x_wconf 77' lang='lat' dir='ltr'><strong>viguisse</strong></span> <span class='ocrx_word' id='word_1_137' title='bbox 1303 2006 1408 2068; x_wconf 86' lang='lat' dir='ltr'><strong>dicam</strong></span> 
     </span>
     <span class='ocr_line' id='line_1_17' title="bbox 239 2109 1405 2190; baseline 0.003 -18"><span class='ocrx_word' id='word_1_138' title='bbox 239 2116 270 2172; x_wconf 90' lang='lat' dir='ltr'><strong>et</strong></span> <span class='ocrx_word' id='word_1_139' title='bbox 282 2109 551 2190; x_wconf 85' lang='lat' dir='ltr'><strong>perturbationem</strong></span> <span class='ocrx_word' id='word_1_140' title='bbox 565 2109 714 2189; x_wconf 87' lang='lat' dir='ltr'><strong>loquendi</strong></span> <span class='ocrx_word' id='word_1_141' title='bbox 725 2128 789 2172; x_wconf 92' lang='lat' dir='ltr'><strong>nou</strong></span> <span class='ocrx_word' id='word_1_142' title='bbox 803 2111 996 2173; x_wconf 90' lang='lat' dir='ltr'><strong>mediocrem</strong></span> <span class='ocrx_word' id='word_1_143' title='bbox 1010 2112 1125 2189; x_wconf 77' lang='lat' dir='ltr'><strong>detegi.</strong></span> <span class='ocrx_word' id='word_1_144' title='bbox 1141 2113 1251 2173; x_wconf 89' lang='lat' dir='ltr'><strong>Potest</strong></span> <span class='ocrx_word' id='word_1_145' title='bbox 1261 2115 1345 2174; x_wconf 91' lang='lat' dir='ltr'><strong>euim</strong></span> <span class='ocrx_word' id='word_1_146' title='bbox 1354 2113 1405 2186; x_wconf 84' lang='lat' dir='ltr'><strong>cd,</strong></span> 
     </span>
     <span class='ocr_line' id='line_1_18' title="bbox 238 2216 1407 2298; baseline 0.003 -20"><span class='ocrx_word' id='word_1_147' title='bbox 238 2216 319 2278; x_wconf 90' lang='lat' dir='ltr'><strong>sicut</strong></span> <span class='ocrx_word' id='word_1_148' title='bbox 331 2217 415 2297; x_wconf 85' lang='lat' dir='ltr'><strong>apud</strong></span> <span class='ocrx_word' id='word_1_149' title='bbox 429 2218 565 2293; x_wconf 83' lang='lat' dir='ltr'><strong>Latinos,</strong></span> <span class='ocrx_word' id='word_1_150' title='bbox 584 2217 734 2279; x_wconf 88' lang='lat' dir='ltr'><strong>orationis</strong></span> <span class='ocrx_word' id='word_1_151' title='bbox 748 2217 892 2279; x_wconf 87' lang='lat' dir='ltr'><strong>membro</strong></span> <span class='ocrx_word' id='word_1_152' title='bbox 915 2219 1006 2296; x_wconf 85' lang='lat' dir='ltr'><strong>quasi</strong></span> <span class='ocrx_word' id='word_1_153' title='bbox 1027 2225 1173 2298; x_wconf 82' lang='lat' dir='ltr'><strong>separato</strong></span> <span class='ocrx_word' id='word_1_154' title='bbox 1194 2221 1259 2281; x_wconf 86' lang='lat' dir='ltr'><strong>vim</strong></span> <span class='ocrx_word' id='word_1_155' title='bbox 1277 2220 1407 2281; x_wconf 84' lang='lat' dir='ltr'><strong>finalem</strong></span> 
     </span>
     <span class='ocr_line' id='line_1_19' title="bbox 238 2324 1407 2406; baseline 0.003 -21"><span class='ocrx_word' id='word_1_156' title='bbox 238 2324 401 2404; x_wconf 87' lang='lat' dir='ltr'><strong>praebere.</strong></span> <span class='ocrx_word' id='word_1_157' title='bbox 416 2326 476 2386; x_wconf 86' lang='lat' dir='ltr'><strong>Sed</strong></span> <span class='ocrx_word' id='word_1_158' title='bbox 491 2343 530 2386; x_wconf 86' lang='lat' dir='ltr'><strong>ex</strong></span> <span class='ocrx_word' id='word_1_159' title='bbox 542 2324 596 2385; x_wconf 89' lang='lat' dir='ltr'><strong>iilo</strong></span> <span class='ocrx_word' id='word_1_160' title='bbox 613 2326 747 2403; x_wconf 82' lang='lat' dir='ltr'><strong>genuino</strong></span> <span class='ocrx_word' id='word_1_161' title='bbox 760 2344 830 2396; x_wconf 88' lang='lat' dir='ltr'><strong>usu,</strong></span> <span class='ocrx_word' id='word_1_162' title='bbox 846 2324 928 2385; x_wconf 87' lang='lat' dir='ltr'><strong>mira</strong></span> <span class='ocrx_word' id='word_1_163' title='bbox 939 2325 1077 2404; x_wconf 89' lang='lat' dir='ltr'><strong>quadam</strong></span> <span class='ocrx_word' id='word_1_164' title='bbox 1086 2332 1254 2406; x_wconf 82' lang='lat' dir='ltr'><strong>syntaxeos</strong></span> <span class='ocrx_word' id='word_1_165' title='bbox 1266 2345 1407 2390; x_wconf 91' lang='lat' dir='ltr'><strong>commu·</strong></span> 
     </span>
     <span class='ocr_line' id='line_1_20' title="bbox 238 2430 1408 2515; baseline 0.004 -23"><span class='ocrx_word' id='word_1_166' title='bbox 238 2430 366 2506; x_wconf 90' lang='lat' dir='ltr'><strong>tatione,</strong></span> <span class='ocrx_word' id='word_1_167' title='bbox 391 2431 492 2511; x_wconf 82' lang='lat' dir='ltr'><strong>magis</strong></span> <span class='ocrx_word' id='word_1_168' title='bbox 508 2449 544 2492; x_wconf 89' lang='lat' dir='ltr'><strong>ac</strong></span> <span class='ocrx_word' id='word_1_169' title='bbox 565 2433 668 2509; x_wconf 84' lang='lat' dir='ltr'><strong>magis</strong></span> <span class='ocrx_word' id='word_1_170' title='bbox 692 2449 730 2493; x_wconf 93' lang='lat' dir='ltr'><strong>eo</strong></span> <span class='ocrx_word' id='word_1_171' title='bbox 748 2432 904 2511; x_wconf 89' lang='lat' dir='ltr'><strong>particula</strong></span> <span class='ocrx_word' id='word_1_172' title='bbox 927 2433 1025 2493; x_wconf 90' lang='lat' dir='ltr'><strong>tendit</strong></span> <span class='ocrx_word' id='word_1_173' title='bbox 1050 2439 1083 2494; x_wconf 93' lang='lat' dir='ltr'><strong>ut</strong></span> <span class='ocrx_word' id='word_1_174' title='bbox 1105 2433 1188 2495; x_wconf 89' lang='lat' dir='ltr'><strong>inter</strong></span> <span class='ocrx_word' id='word_1_175' title='bbox 1201 2437 1408 2515; x_wconf 88' lang='lat' dir='ltr'><strong>praecipuum</strong></span> 
     </span>
    </p>
   </div>
   <div class='ocr_carea' id='block_1_3' title="bbox 223 2537 1407 2939">
    <p class='ocr_par' dir='ltr' id='par_1_5' title="bbox 223 2537 1407 2939">
     <span class='ocr_line' id='line_1_21' title="bbox 238 2537 1407 2621; baseline 0.005 -22"><span class='ocrx_word' id='word_1_176' title='bbox 238 2538 369 2599; x_wconf 89' lang='lat' dir='ltr'><strong>verbum</strong></span> <span class='ocrx_word' id='word_1_177' title='bbox 397 2543 427 2598; x_wconf 93' lang='lat' dir='ltr'><strong>et</strong></span> <span class='ocrx_word' id='word_1_178' title='bbox 451 2537 639 2600; x_wconf 87' lang='lat' dir='ltr'><strong>infinitivum</strong></span> <span class='ocrx_word' id='word_1_179' title='bbox 662 2557 719 2617; x_wconf 87' lang='lat' dir='ltr'><strong>pro</strong></span> <span class='ocrx_word' id='word_1_180' title='bbox 744 2539 897 2617; x_wconf 81' lang='lat' dir='ltr'><strong>gerundio</strong></span> <span class='ocrx_word' id='word_1_181' title='bbox 925 2537 1063 2618; x_wconf 89' lang='lat' dir='ltr'><strong>positum</strong></span> <span class='ocrx_word' id='word_1_182' title='bbox 1077 2542 1407 2621; x_wconf 84' lang='lat' dir='ltr'><strong>intercidattanquem</strong></span> 
     </span>
     <span class='ocr_line' id='line_1_22' title="bbox 223 2643 1406 2728; baseline 0.004 -22"><span class='ocrx_word' id='word_1_183' title='bbox 223 2643 349 2723; x_wconf 85' lang='lat' dir='ltr'><strong>&#39;copula</strong></span> <span class='ocrx_word' id='word_1_184' title='bbox 364 2663 372 2704; x_wconf 75' lang='grc' dir='ltr'><strong><em>ε</em></strong></span> <span class='ocrx_word' id='word_1_185' title='bbox 390 2643 517 2705; x_wconf 87' lang='lat' dir='ltr'><strong>finalem</strong></span> <span class='ocrx_word' id='word_1_186' title='bbox 537 2644 756 2707; x_wconf 88' lang='lat' dir='ltr'><strong>necessitatem</strong></span> <span class='ocrx_word' id='word_1_187' title='bbox 779 2645 965 2725; x_wconf 90' lang='lat' dir='ltr'><strong>interposito</strong></span> <span class='ocrx_word' id='word_1_188' title='bbox 992 2646 1188 2709; x_wconf 88' lang='lat' dir='ltr'><strong>substantivo</strong></span> <span class='ocrx_word' id='word_1_189' title='bbox 1212 2654 1285 2728; x_wconf 87' lang='lat' dir='ltr'><strong>post</strong></span> <span class='ocrx_word' id='word_1_190' title='bbox 1308 2651 1406 2712; x_wconf 85' lang='lat' dir='ltr'><strong>verba</strong></span> 
     </span>
     <span class='ocr_line' id='line_1_23' title="bbox 237 2750 1407 2831; baseline 0.007 -20"><span class='ocrx_word' id='word_1_191' title='bbox 237 2750 375 2812; x_wconf 87' lang='lat' dir='ltr'><strong>habendi</strong></span> <span class='ocrx_word' id='word_1_192' title='bbox 383 2756 414 2812; x_wconf 92' lang='lat' dir='ltr'><strong>et</strong></span> <span class='ocrx_word' id='word_1_193' title='bbox 422 2752 517 2812; x_wconf 90' lang='lat' dir='ltr'><strong>dandi</strong></span> <span class='ocrx_word' id='word_1_194' title='bbox 530 2750 700 2829; x_wconf 55' lang='lat' dir='ltr'><strong>significan</strong></span> <span class='ocrx_word' id='word_1_195' title='bbox 710 2753 944 2824; x_wconf 89' lang='lat' dir='ltr'><strong>immo‚amisso</strong></span> <span class='ocrx_word' id='word_1_196' title='bbox 957 2770 1054 2831; x_wconf 87' lang='lat' dir='ltr'><strong>prope</strong></span> <span class='ocrx_word' id='word_1_197' title='bbox 1069 2752 1156 2814; x_wconf 87' lang='lat' dir='ltr'><strong>finali</strong></span> <span class='ocrx_word' id='word_1_198' title='bbox 1169 2772 1275 2831; x_wconf 87' lang='lat' dir='ltr'><strong>seusu,</strong></span> <span class='ocrx_word' id='word_1_199' title='bbox 1284 2774 1407 2819; x_wconf 88' lang='lat' dir='ltr'><strong>accom-</strong></span> 
     </span>
     <span class='ocr_line' id='line_1_24' title="bbox 239 2857 1186 2939; baseline 0.003 -21"><span class='ocrx_word' id='word_1_200' title='bbox 239 2857 362 2920; x_wconf 89' lang='lat' dir='ltr'><strong>modari</strong></span> <span class='ocrx_word' id='word_1_201' title='bbox 376 2862 480 2939; x_wconf 89' lang='lat' dir='ltr'><strong>potest</strong></span> <span class='ocrx_word' id='word_1_202' title='bbox 493 2857 637 2921; x_wconf 90' lang='lat' dir='ltr'><strong>relationi</strong></span> <span class='ocrx_word' id='word_1_203' title='bbox 650 2876 714 2937; x_wconf 89' lang='lat' dir='ltr'><strong>qua</strong></span> <span class='ocrx_word' id='word_1_204' title='bbox 727 2857 850 2919; x_wconf 89' lang='lat' dir='ltr'><strong>initium</strong></span> <span class='ocrx_word' id='word_1_205' title='bbox 865 2859 980 2937; x_wconf 79' lang='lat' dir='ltr'><strong>agendi</strong></span> <span class='ocrx_word' id='word_1_206' title='bbox 991 2859 1186 2922; x_wconf 72' lang='lat' dir='ltr'><strong>declaratum</strong></span> 
     </span>
    </p>
   </div>
   <div class='ocr_carea' id='block_1_4' title="bbox 0 0 1546 5063">
    <p class='ocr_par' dir='ltr' id='par_1_6' title="bbox 0 0 1546 5063">
     <span class='ocr_line' id='line_1_25' title="bbox 0 0 1546 5063; baseline 0 0"><span class='ocrx_word' id='word_1_207' title='bbox 0 0 1546 5063; x_wconf 95' lang='lat' dir='ltr'><strong> </strong></span> 
     </span>
    </p>
   </div>
  </div>
 </body>
</html>
