3084 5067
612 1063 737 1127 GAPV'l‘
758 1064 808 1127 IV.

125 1217 170 1277 DE
183 1234 418 1282 rasssoslmorts
431 1227 477 1277 AD
495 1236 690 1282 sstffloltsu
709 1238 822 1283 rituum
835 1238 872 1283 Er
888 1237 1129 1284 consonuimus
1141 1238 1298 1285 sicadfert.

165 1403 243 1467 (lum
257 1407 336 1468 mihi
350 1409 545 1488 propositum
555 1409 594 1471 sit
609 1427 719 1471 omnes
743 1429 852 1472 sensus
876 1410 1024 1491 amplecti
1039 1410 1153 1489 quibus
1169 1429 1301 1490 praepo-

122 1512 194 1575 sitio
209 1513 373 1575 udhaberi
400 1518 499 1594 pessit
526 1516 622 1577 veluti
650 1523 769 1578 motum
795 1518 1036 1597 quoquomodo
1068 1518 1108 1580 od
1131 1520 1302 1578 terminum

121 1621 260 1697 signans,
277 1626 375 1683 restat
388 1626 424 1683 ut
452 1623 555 1684 dicam
569 1624 608 1685 de
637 1626 867 1685 conformitatis
892 1624 1057 1687 relatione.
1075 1625 1197 1704 Quippe
1218 1627 1302 1685 inest

123 1726 198 1789 huic
208 1728 353 1789 relationi
366 1729 453 1791 notio
468 1730 753 1810 adpropinquandi‚
766 1749 849 1810 quse
864 1750 928 1793 non
945 1733 1006 1791 nisi
1016 1749 1075 1811 per
1090 1733 1301 1810 comparatio-

122 1849 197 1894 nem
208 1833 277 1896 fieri
290 1840 406 1914 potest,
422 1837 455 1896 id
472 1841 518 1897 est
534 1842 725 1916 permotum
738 1837 1072 1915 figurateindicatum.

163 1941 401 2004 Observandum
414 1948 460 2004 est
474 1944 534 2005 hac
549 1943 701 2004 relatione
715 1945 912 2022 frequentius
927 1946 1012 2024 apud
1022 1945 1150 2007 Latinos
1164 1946 1303 2023 particu-

122 2044 188 2107 lam
202 2049 244 2109 ad
258 2067 425 2110 numerum
438 2050 489 2111 vel
503 2049 544 2110 ad
558 2052 681 2111 numeri
706 2053 924 2112 coniecturam
947 2052 1070 2114 referri.
1094 2050 1126 2112 Si
1141 2052 1182 2112 ad
1196 2070 1301 2112 rerum

124 2157 391 2232 comparationem
406 2161 528 2235 spectes
553 2156 668 2218 factam
687 2162 722 2218 ut
740 2160 822 2219 inter
843 2177 897 2219 eas
913 2159 1083 2220 discrimen
1096 2158 1225 2237 aliquod
1253 2158 1302 2218 vel

122 2263 292 2324 similitudo
318 2268 480 2342 appareat,
510 2265 586 2325 satis
607 2268 716 2325 notum
739 2271 787 2325 est
813 2265 1081 2345 praepositionem
1104 2264 1301 2328 adsensibus

122 2369 356 2430 accommodari
376 2369 430 2447 qui
444 2388 573 2449 prorsus
587 2388 651 2431 non
665 2372 843 2450 discrepent
857 2391 876 2432 a
888 2372 1022 2433 formula
1039 2371 1116 2452 quod
1131 2371 1248 2434 adtinet
1259 2369 1300 2432 ud

122 2473 171 2534 rel
200 2476 353 2554 particula
376 2476 549 2540 secundum.
576 2479 662 2539 Adde
688 2480 774 2557 quod
802 2481 940 2557 genuina
967 2480 1019 2540 hic
1048 2479 1196 2541 movendi
1214 2478 1300 2539 notio

122 2583 224 2659 magis
237 2600 274 2644 ac
289 2585 390 2661 magis
403 2585 583 2646 decrescere
607 2585 766 2660 videatur;
796 2585 876 2646 adde
906 2587 1001 2647 etiam
1025 2605 1177 2647 sensuum
1191 2586 1299 2646 discri-

122 2690 344 2769 minasaepius
365 2689 461 2752 fuisse
484 2691 649 2753 subtiliora
669 2710 765 2770 quam
784 2701 817 2752 ut
839 2698 988 2771 vergente
1010 2691 1163 2754 latinitate
1178 2693 1300 2769 integra

121 2795 284 2857 adservari
298 2803 437 2875 possent.

698 2981 722 3043 l.

162 3145 193 3225 al
212 3144 243 3205 Si
272 3144 321 3207 vel
349 3165 450 3226 penca
477 3145 621 3226 inprimis
646 3147 685 3207 de
711 3165 844 3208 numero
873 3148 988 3219 dicam,
1005 3147 1171 3207 aestimare
1191 3144 1298 3206 licebit

121 3258 274 3329 quantum
285 3251 463 3332 disperierit
474 3253 647 3333 elegantior
660 3259 828 3334 syntaxeos
837 3253 952 3315 latinae
964 3254 1055 3314 ratio.
1070 3252 1298 3313 Adtribuebant

122 3361 206 3419 enim
222 3360 355 3421 Romani
366 3362 631 3440 praepositionem
641 3362 681 3421 ad
696 3380 864 3423 numerum
879 3362 1070 3438 signandum
1085 3379 1141 3439 pro
1157 3358 1299 3440 usquead

121 3467 267 3543 quotiens
275 3467 504 3528 absolutionem
516 3470 664 3548 pecuniae
672 3468 812 3530 indicare
821 3468 935 3529 vellent
946 3473 1064 3528 certam
1074 3485 1111 3529 ac
1122 3466 1296 3536 definitam,

120 3573 171 3634 vel
187 3573 224 3633 de
239 3591 272 3633 re
282 3579 430 3653 ageretur
441 3592 522 3653 quae
536 3574 567 3635 in
582 3580 687 3653 partes
703 3575 800 3635 dividi
814 3579 927 3654 potest,
951 3575 1032 3634 utin
1055 3574 1123 3633 his:
1140 3570 1186 3633 Aa
1201 3572 1297 3631 dena-

121 3682 204 3741 rium
230 3680 412 3742 solveretur.
430 3682 493 3744 ilic.
509 3700 567 3760 pro
591 3681 694 3754 Quint.
711 3684 743 3743 l.
758 3715 798 3728 -
814 3680 861 3742 Ad
884 3699 1052 3743 nummum
1076 3681 1232 3742 convenit.
1249 3681 1296 3743 ld.

121 3788 161 3848 ad
176 3790 241 3850 Att.
251 3789 280 3862 5,
298 3788 347 3863 21,
361 3789 569 3849 lt.-Aedem
584 3789 709 3851 Iunonis
720 3789 866 3849 Laciniae
882 3788 921 3849 ad
930 3794 1054 3868 partem
1065 3787 1229 3848 dimidiam
1243 3787 1297 3847 de-

121 3896 209 3973 tegit.
237 3896 302 3955 Liv.
327 3896 378 3968 42,
408 3897 437 3956 3.
468 3897 655 3956 -llustum
684 3914 780 3974 quam
804 3895 1018 3956 dulcissimum
1044 3894 1232 3973 decoquitur
1256 3893 1297 3953 ud

121 4000 244 4062 tertias.
257 4002 379 4065 Colum.
391 4004 441 4077 lt,
458 4003 509 4065 tl.
521 4038 559 4047 -
570 4002 659 4083 Aqua
670 4002 770 4063 multe
786 4004 818 4061 in
834 4021 871 4063 ea
885 4003 1071 4080 decoquitur
1085 4000 1125 4062 od
1137 4001 1295 4064 dimidias·

122 4107 206 4171 Plin.
217 4108 268 4181 20,
285 4108 316 4171 3.
340 4109 426 4169 Adde
455 4107 695 4170 celeberrimam
723 4109 871 4187 loquendi
886 4109 1041 4169 rationem
1057 4107 1097 4168 ud
1115 4124 1231 4168 unam:
1252 4109 1295 4166 De

123 4214 262 4276 amicitia
274 4232 385 4275 omnes
400 4214 439 4275 ad
450 4232 544 4276 unum
558 4217 706 4279 sentiunt.
719 4215 783 4279 Cic.
799 4216 837 4275 de
848 4218 942 4276 amic.
959 4216 1009 4276 23.
1034 4246 1074 4260 -
1100 4211 1131 4272 Si
1153 4212 1295 4273 nondum

122 4340 237 4384 exosus
251 4321 291 4383 cd
305 4339 397 4383 itteram
412 4322 576 4385 Troianos.
593 4324 687 4401 Verg.
704 4326 781 4385 Aen.
798 4324 827 4396 5,
840 4324 910 4385 687.

163 4428 222 4488 Sed
237 4429 356 4489 Latinis
370 4427 421 4490 hic
435 4427 493 4488 fuit
508 4431 678 4508 particulae
696 4428 862 4509 peculiaris
872 4447 909 4490 ac
925 4430 1071 4506 proprius
1086 4446 1160 4487 usus
1174 4433 1209 4487 ut
1223 4445 1292 4487 eam
