3084 5067
625 338 804 397 ...103-

678 551 727 613 1v.

165 711 255 783 Quod
269 713 295 772 si
309 712 381 773 inde
409 712 449 773 11
475 711 676 774 instrumenti
703 709 964 789 significationem
989 712 1108 785 venias,
1125 712 1240 775 scilicet
1254 714 1295 774 ad

125 835 218 879 usum
232 818 264 878 ln
288 818 412 897 vulgari
434 819 499 879 sine
528 819 624 880 dubio
651 836 796 880 sermone
821 818 1067 897 praevalentem,
1090 818 1143 880 hic
1169 837 1294 899 quoque

126 923 270 1003 inprimis
291 927 514 1005 inquirendum
552 925 610 986 erit
629 943 667 986 ex
695 926 985 1005 praepositionibus
1010 926 1048 987 ud
1063 931 1094 987 et
1119 925 1199 1006 apud
1225 931 1296 987 utra

125 1030 399 1111 vimpotissimum
413 1034 531 1094 habeat
544 1033 585 1093 ad
607 1032 691 1094 hanc
720 1032 984 1110 significationem
1010 1033 1236 1096 declarandam
1265 1039 1296 1095 et

125 1156 198 1200 cum
212 1140 369 1219 particula
379 1157 437 1221 per
450 1141 563 1202 eodem
571 1139 755 1201 iamdudum
769 1157 862 1200 sensu
894 1139 1035 1201 adhibita
1059 1140 1100 1220 (1)
1114 1142 1297 1220 praesertim

125 1264 313 1309 concurrere
323 1246 467 1308 valuerit.

166 1355 198 1434 a)
211 1355 256 1415 Ex
271 1355 440 1434 praedictis
454 1356 596 1435 sequitur
610 1356 650 1418 11
664 1373 757 1435 saepe
785 1356 940 1416 notavisse
964 1354 1202 1433 congruentiam
1227 1373 1298 1416 cum

125 1479 242 1540 magno
256 1461 303 1522 rei
317 1463 350 1523 in
364 1462 498 1524 alteram
510 1467 681 1523 momento.
694 1463 781 1523 Adde
799 1463 884 1542 quod
907 1460 1096 1541 particulam
1124 1480 1187 1522 non
1201 1462 1299 1523 semel

124 1568 262 1649 reperire
276 1570 316 1631 sit
331 1588 367 1632 eo
381 1587 475 1631 sensu
493 1574 678 1650 usurpatam
694 1569 780 1647 apud
794 1568 921 1629 infimae
937 1568 1101 1629 latinitatis
1117 1569 1296 1648 scriptores,

123 1681 159 1737 ut
187 1679 220 1737 ln
247 1677 297 1737 his
314 1696 321 1738 :
339 1680 435 1739 Erant
456 1676 631 1738 funditores
658 1678 714 1756 qui
737 1675 777 1737 ud
791 1675 905 1736 fundas
917 1674 967 1737 vel
985 1674 1150 1737 instihalos
1177 1675 1299 1755 lapides

122 1784 290 1845 iaciebant.
319 1784 426 1861 Veget.
448 1786 479 1855 2,
508 1781 675 1844 111.-Αά
693 1787 797 1845 vectes
817 1800 873 1861 pro
895 1780 1099 1842 similitudine
1118 1781 1297 1859 gladiorum

124 1888 266 1969 punctim
282 1892 459 1971 caesimque
474 1889 625 1951 feriendo.
642 1891 688 1951 ld.
705 1891 734 1964 3,
772 1891 802 1949 1.
818 1920 859 1936 -
871 1886 918 1949 Aa
940 1888 1068 1949 latiores
1097 1888 1223 1950 lanceas
1248 1888 1297 1949 vel

125 1994 248 2060 maiora
262 1996 381 2076 spicula
394 1996 503 2057 beluas
516 1997 712 2059 occidebant.
728 1997 773 2057 ld.
790 1997 881 2073 111.
894 2029 935 2041 -
947 1993 994 2056 Ad
1007 1997 1144 2057 maiores
1157 1993 1298 2057 ballistas

124 2104 288 2167 malleolos
314 2104 365 2165 vel
392 2103 538 2165 falaricas
554 2122 626 2165 cum
655 2105 800 2165 incendio
828 2103 996 2164 destinant.
1026 2103 1118 2176 111,
1138 2100 1298 2170 18.-11

122 2212 229 2290 iguem
244 2210 407 2290 liquefieri.
425 2210 560 2271 Marcell.
579 2212 617 2271 da
630 2211 743 2271 medic.
760 2211 810 2285 15,
827 2210 850 2272 1.
868 2211 936 2270 107.
953 2243 994 2254 —
1009 2210 1108 2288 Ipsius
1123 2210 1237 2288 equitis
1258 2185 1298 2270 att

122 2335 221 2377 unum
236 2316 333 2394 gladii
348 2316 445 2378 ictum
466 2321 561 2396 caput
584 2316 782 2378 desecuisset.
805 2316 894 2378 Oros,
910 2316 984 2378 hist.
999 2317 1028 2395 5,
1045 2320 1076 2390 1,
1092 2318 1122 2378 6.
1139 2351 1179 2360 -
1193 2316 1297 2396 Lupus

121 2427 278 2486 ostentare
293 2422 332 2484 ad
346 2424 479 2502 digitum
494 2440 600 2502 cogor.
616 2424 662 2486 11.
678 2422 732 2483 lib.
750 2423 834 2503 apol.
848 2424 877 2499 1,
893 2425 923 2484 1.

162 2530 219 2593 llic
234 2531 329 2592 etiam
343 2535 534 2593 concurrant
543 2548 666 2592 neeesse
686 2534 733 2591 est
747 2530 898 2610 loquendi
905 2549 1023 2609 genera
1033 2548 1114 2611 quae
1126 2530 1295 2609 designan-

11 2709 12 2712 ,
123 2634 172 2695 dis
186 2636 346 2714 suppliciis
359 2637 561 2708 adhibentur,
578 2638 635 2696 etsi
649 2637 681 2695 in
695 2636 855 2715 plerisque
874 2635 921 2697 vis
943 2654 1067 2716 quoque
1091 2635 1201 2698 localis
1220 2637 1296 2697 insit

121 2742 269 2803 adiuncta
284 2743 429 2804 movendi
441 2743 579 2804 notione.
596 2743 680 2804 Haeo
695 2760 805 2804 sensns
818 2742 868 2804 vel
883 2744 967 2821 apud
982 2743 1110 2805 Latinos
1123 2743 1297 2805 usitatioris

122 2826 269 2928 exempla
281 2853 405 2911 tantum
417 2852 601 2931 depromam
614 2868 630 2911 1
645 2848 862 2928 llerovingicis
878 2850 1083 2911 :Extenditur
1097 2849 1136 2911 ud
1145 2848 1294 2911 trocleas.

122 2956 215 3035 Greg.
234 2958 307 3020 Tur.
320 2958 382 3020 111.
399 2958 430 3030 6,
446 2959 475 3019 8.
493 2992 532 3003 -
545 2958 638 3019 lussit
652 2975 724 3019 cum
739 2955 779 3018 cd
792 2955 928 3019 trocleas
936 2957 1072 3017 extendi.
1089 2956 1135 3017 ld.
1166 2956 1230 3017 GM.
1242 2956 1294 3017 61.

122 3095 161 3109 -
173 3063 261 3125 lubet
276 3063 335 3125 sibi
347 3065 465 3126 molam
475 3065 683 3127 secretissime
694 3059 811 3124 deferri
820 3061 964 3143 adquam
975 3066 1043 3124 tota
1052 3062 1296 3142 quadragesima

120 3174 246 3232 tantum
259 3170 425 3233 laboravit.
441 3173 570 3233 Fortun.
582 3171 710 3233 isaar.
728 3171 777 3232 16.
794 3204 833 3215 -
847 3169 879 3231 Si
890 3171 987 3232 homo
1002 3170 1158 3247 ingenuus
1173 3170 1205 3229 in
1227 3170 1294 3231 fur-

122 3282 190 3339 tum
203 3275 383 3359 inculpatur
396 3283 428 3339 et
439 3277 479 3340 ud
493 3296 570 3340 eneo
586 3277 614 3339 ei
629 3296 759 3339 manum
782 3278 966 3340 incenderit.
983 3276 1071 3338 LSal.
1088 3277 1180 3353 111.
1197 3311 1236 3321 -
1249 3275 1296 3339 Ad

121 3386 216 3465 igneo
231 3402 286 3446 seu
301 3384 341 3447 ud
351 3390 467 3447 sortem
481 3403 631 3448 excusare
646 3386 781 3447 studeat.
807 3383 902 3445 LRib.
919 3384 969 3457 31,
985 3385 1015 3444 5.
1037 3418 1075 3428 -
1089 3383 1151 3445 Sed
1163 3385 1232 3463 ipso
1247 3383 1292 3445 ill.

121 3492 239 3567 omine,
255 3492 310 3572 qui
323 3494 393 3571 ipsa
407 3494 493 3553 terra
514 3494 674 3571 proprisit,
689 3491 729 3554 ad
752 3493 822 3571 ipso
849 3489 965 3553 iudicio
979 3490 1030 3553 vel
1045 3490 1084 3552 cd
1104 3490 1173 3570 ipsa
1201 3508 1293 3553 cruca

120 3616 194 3661 eum
208 3600 394 3661 convinerit.
411 3598 516 3660 Form.
534 3598 589 3660 SB.
602 3599 652 3671 13,
665 3618 697 3678 p.
712 3600 781 3673 233,
799 3599 829 3660 8.
839 3632 879 3643 -
888 3599 1086 3660 Exorcismus
1100 3597 1140 3659 ud
1154 3597 1293 3660 caldaria

120 3703 237 3766 sirecd
250 3723 343 3784 aqua.
355 3706 459 3767 Form.
477 3723 587 3768 exoro:
598 3706 628 3781 9,
645 3725 677 3785 p.
707 3706 776 3768 661.
794 3740 832 3750 -
844 3704 891 3767 Ad
916 3722 1043 3766 crucem
1059 3706 1290 3767 examinentur.

120 3809 224 3891 Capit.
240 3811 303 3872 HL.
318 3830 349 3875 a.
364 3811 433 3887 816,
450 3830 482 3891 p.
494 3811 564 3885 269,
581 3811 630 3873 32.

160 3917 231 3980 Non
245 3936 321 3998 ergo
331 3917 396 3979 sine
411 3935 507 3981 causa
521 3919 692 3981 contendas
706 3919 894 3998 particulam
908 3917 948 3980 ud
961 3920 994 3979 in
1017 3936 1160 3981 sermone
1170 3918 1294 3999 vulgari

121 4030 154 4087 et
164 4023 323 4088 cotidiano
338 4025 517 4087 adsensum
531 4024 774 4105 praepositionis
785 4027 989 4105 pertransire
1002 4027 1155 4105 potuisse.

160 4130 193 4213 1))
207 4133 314 4213 licque
341 4137 444 4195 tamen
471 4130 587 4194 infitias
606 4132 657 4193 ibo
681 4133 925 4213 praepositionis
944 4132 1025 4213 apud
1054 4132 1212 4193 rationem
1239 4130 1293 4195 hic

121 4240 260 4301 maxime
274 4255 398 4319 quoque
409 4217 603 4303 hahendam.
619 4240 736 4318 Nempe
764 4238 850 4301 sivel
868 4237 910 4299 ad
936 4239 1038 4302 solam
1052 4239 1294 4319 praepositionis

149 4468 184 4533 [1)
199 4469 236 4518 De
250 4480 302 4534 qno
316 4468 348 4521 ct.
363 4470 430 4533 Dian,
447 4467 572 4530 arama..
587 4483 613 4534 p.
629 4469 683 4521 892.
