3084 5067
148 1081 238 1164 DE
281 1081 859 1218 PRAEPOSITIONE
890 1088 977 1166 AD
1017 1087 1307 1172 CASVALI

591 1341 628 1383 IN
654 1340 865 1387 LATlNlTATE

285 1611 507 1796 levi
557 1653 1167 1798 uuuovrucmr

432 2403 779 2473 OBSERVATIONES
817 2404 1026 2473 PRAEVIAE

185 2816 227 2876 De
247 2814 367 2894 origine
381 2814 498 2876 latinae
512 2814 752 2894 praepositionis
770 2811 810 2874 ad
823 2832 887 2874 non
901 2814 955 2875 hic
969 2818 1015 2874 est
1033 2813 1120 2874 locus
1135 2813 1309 2875 disserendi

139 2921 193 2984 vel
207 2922 385 3003 inquirendi
410 2940 471 3001 qua
487 2939 634 2983 sensuum
649 2921 837 2998 cognatione
855 2922 1005 2998 iungatur
1022 2921 1133 2982 eadem
1154 2937 1226 2983 cum
1241 2922 1309 2999 qui·

140 3020 276 3082 busdam
283 3020 465 3099 linguarum
476 3005 796 3099 indo-europaeorum
803 3018 965 3098 particulis
973 3018 1028 3100 (l).
1038 3019 1150 3094 Immo,
1166 3020 1311 3097 quamvis

141 3128 186 3187 ad
208 3128 407 3188 tractandam
431 3127 645 3207 quaestionem
670 3126 864 3206 propositam
888 3127 920 3187 id
944 3126 1142 3206 potissimum
1167 3126 1309 3199 accedat,

142 3232 317 3294 admodum
341 3233 422 3294 nihil
435 3234 538 3295 habeo
560 3235 645 3313 quod
669 3234 784 3295 certius
798 3233 902 3294 dicam
923 3233 1102 3294 densitatis
1122 3234 1309 3312 praepositi-

142 3339 259 3400 onibus
281 3340 314 3401 in
334 3339 445 3419 lingua
468 3339 586 3401 Galliae
610 3338 721 3401 celtica
738 3340 857 3419 :apud
881 3358 977 3419 quam
1002 3341 1158 3401 exstitisse
1182 3338 1309 3418 quidem

142 3446 291 3508 videntur
315 3447 484 3527 particulae
508 3447 714 3527 separabiles,
739 3465 819 3527 quae
833 3447 901 3508 vice
916 3447 1185 3527 praepositionum
1204 3446 1312 3523 funge-
1425 3451 1431 3462 ’

65 3609 80 3618 .,
141 3552 271 3626 bantur,
296 3559 328 3615 et
340 3554 515 3616 inter-alias
529 3553 684 3633 particula
706 3552 756 3629 cd,
778 3552 866 3615 euius
884 3571 958 3614 usus
977 3558 1026 3614 est
1044 3551 1312 3632 frequentissimus

176 3836 212 3899 (1)
233 3838 276 3887 Fr.
299 3838 379 3900 Bopp‚
403 3837 429 3886 in
452 3837 633 3888 Grammatica
652 3839 834 3902 comparativa
848 3838 1012 3902 linguarum
1023 3837 1311 3900 ludo-Europeeamm

139 3926 311 3976 sanserittam
322 3925 541 3988 praepositionem
553 3924 599 3975 ddi
610 3926 681 3990 (gall.
694 3941 748 3986 cur,
762 3928 827 3991 vers)
837 3927 947 3986 notarit,
958 3932 984 3978 et
993 3928 1152 3990 particulam
1161 3926 1191 3977 di
1200 3939 1312 3992 graecae
1361 3936 1368 3948 ’

141 4003 169 4057 θι
183 4012 328 4075 particulae
341 4012 368 4061 in
379 4011 508 4062 adverbiis
519 4013 645 4063 localibus
660 4001 750 4070 πό-θι,
768 3999 838 4071 du,
855 3997 1008 4081 οὐρανό-θι,
1021 4019 1070 4064 ecc,
1082 4025 1312 4078 congruerespon.

139 4103 205 4153 dere
224 4101 395 4152 commonuit.
415 4100 575 4159 Quibuscum
594 4102 664 4152 idem
685 4116 738 4153 non
765 4104 898 4154 immerito
919 4103 1029 4154 latinam
1040 4102 1078 4153 cd
1092 4102 1312 4166 praepositionem

139 4191 262 4251 contulit,
276 4195 302 4239 et
320 4189 348 4239 in
362 4189 468 4254 gothica
480 4189 559 4240 etiam
577 4190 667 4254 lingua
680 4192 768 4242 docuit
781 4192 838 4242 und
852 4197 878 4244 et
891 4195 922 4243 at
941 4192 1086 4257 particulas
1107 4197 1234 4256 cognatas
1244 4203 1311 4243 esse.

138 4277 180 4331 cl.
197 4276 394 4343 Verpteicdende
409 4275 573 4327 Grammatilc
586 4276 631 4328 des
644 4278 767 4355 Sunstrit
778 4282 836 4338 ela,
850 4283 865 4331 2
878 4282 919 4332 ed.
930 4281 1025 4342 Berlin,
1039 4281 1108 4340 leco,
1123 4280 1137 4329 3
1152 4280 1214 4339 vol„
1228 4282 1242 4339 s
1255 4279 1310 4339 991,

138 4377 161 4421 t.
173 4367 217 4429 111,
229 4380 256 4430 p.
271 4366 326 4416 489.
339 4392 370 4403 -
383 4366 420 4418 De
430 4365 530 4430 origine
540 4379 603 4419 vero
623 4370 847 4433 praepositionum
860 4369 1046 4434 pronominali,
1065 4367 1098 4419 ct.
1115 4366 1179 4419 idid.
1193 4372 1206 4429 s
1223 4370 1278 4430 995,
1290 4375 1310 4419 t.

138 4456 186 4516 111,
199 4468 225 4518 p.
241 4453 296 4505 lm.

1235 4538 1251 4585 2
