3084 5067
637 341 797 401 „ffl-

130 521 161 563 a.
178 504 247 577 743,
264 522 297 583 p.
310 504 385 567 699.
396 504 481 576 Quue
508 504 635 583 quidem
650 505 707 565 etsi
721 505 846 564 seriora
873 505 1049 583 praecipue
1065 508 1300 570 nonimmeritu

129 609 286 681 videntur,
303 628 375 672 oum
388 610 553 688 vulgarem
567 610 825 672 consuetudinem
840 615 945 689 aperte
959 611 1097 690 prodant
1111 617 1142 673 et
1161 613 1202 673 ad
1217 615 1301 675 simi·

141 732 176 775 es
187 715 261 776 inde
275 717 308 777 in
327 721 437 778 nostra
450 718 559 795 lingue
588 720 762 780 structuras
789 721 986 778 transeamus
1003 736 1010 778 :
1026 718 1163 779 Fermail
1185 719 1255 782 d'or
1280 739 1300 781 u

146 840 189 883 on
202 822 255 884 col
267 823 395 888 fermer.
410 825 506 887 Ghev.
529 845 570 887 au
597 825 682 904 lyon,
700 826 789 886 1888.
799 856 840 870 -
854 825 1008 886 Vuissiers
1023 845 1042 886 o
1056 844 1165 904 passer
1187 831 1298 907 quatre

163 927 215 990 ille
230 932 424 994 etcinccenz
440 933 586 994 ohevsus
606 931 720 1004 Villeh,
736 932 787 994 91.
803 932 899 993 -La
926 932 1035 993 toileu
1059 933 1103 994 lui
1125 933 1296 999 ensevelir.

180 1054 237 1098 uoe
252 1039 367 1116 partie,
381 1038 450 1101 sto.

212 1143 318 1207 Altero
331 1144 366 1205 lit
380 1145 570 1208 constructio
580 1165 641 1224 quo
643 1147 721 1208 tiens
730 1145 770 1208 ud
779 1091 962 1225 insequente
971 1151 1095 1208 tantum
1103 1148 1299 1212 substantivo

131 1276 136 1301 ’-
210 1250 444 1314 om1n1oudibet
456 1255 654 1332 postponitur
667 1258 702 1314 ut
725 1272 790 1314 non
817 1255 882 1314 iam
902 1254 1088 1331 posterioris
1101 1255 1230 1332 quidem
1253 1258 1300 1318 rei

133 1381 140 1408 ·
216 1358 359 1420 ssionem
374 1360 429 1421 sed
456 1360 572 1440 prioris
596 1361 835 1422 destinationem
864 1361 965 1438 signet
978 1364 1071 1440 atque
1086 1362 1222 1439 genetivi
1245 1359 1299 1442 qui

127 1462 160 1523 dr
257 1465 343 1544 apud
356 1468 549 1528 recentiores
567 1468 791 1546 grammaticos
804 1466 901 1528 verbo
929 1484 1041 1546 perum
1056 1466 1157 1530 latino
1171 1466 1297 1554 obiecti·

247 1574 498 1653 rcumscriptioni
524 1574 685 1636 inserviet.
706 1572 786 1635 Satis
805 1573 869 1635 iam
884 1574 1031 1652 frequens
1045 1574 1130 1654 apud
1153 1579 1298 1636 auctores

127 1675 181 1737 Lm
275 1682 441 1742 occurrit:
469 1679 520 1741 llil
542 1679 653 1742 ederet
677 1680 850 1743 adiumenti
873 1679 912 1742 ud
926 1679 1204 1760 pulchritudinem.
1226 1682 1299 1744 Ter«

125 1783 165 1843 Ρι
180 1811 184 1837 ι
247 1828 249 1837 ι
274 1786 344 1851 166.
358 1819 400 1834 -
411 1789 499 1849 llano
513 1806 642 1849 causam
655 1788 774 1850 haheat
785 1787 826 1848 ud
839 1785 1000 1875 iniuriam.
1017 1788 1082 1849 Gic.
1097 1787 1135 1847 de
1150 1786 1204 1848 off.
1218 1788 1248 1862 3,
1265 1788 1295 1864 6,

125 1890 177 1952 31.
253 1871 501 1973 rp'portuniuus
515 1894 555 1956 ud
566 1895 684 1957 cultum
698 1896 874 1957 hominum.
889 1895 934 1955 ld.
947 1895 985 1955 dc
1000 1898 1067 1957 nat.
1083 1894 1172 1957 deor.
1187 1895 1217 1970 9,
1243 1895 1296 1958 66.

123 2029 190 2053 -ι
271 2001 456 2078 gamlocus.
474 2002 560 2065 Gurt.
581 2004 612 2074 l,
637 2002 686 2077 lt,
712 2003 750 2062 15
764 2001 817 2081 (1).
842 2002 1030 2079 Praesertim
1060 2003 1086 2061 si
1111 2001 1151 2061 ad
1176 2019 1299 2062 munus

125 2104 190 2176 ali·
254 2132 257 2159 ι
280 2110 369 2186 quasi
384 2110 536 2187 deputare
551 2108 658 2182 velint,
675 2113 709 2169 ut
723 2111 755 2169 in
769 2109 819 2168 his
833 2127 840 2169 :
853 2109 968 2170 Servus
977 2107 1017 2169 ud
1028 2126 1168 2170 manum.
1182 2107 1243 2171 Gic.
1258 2108 1297 2169 de

125 2226 192 2273 ora
262 2215 313 2276 66.
328 2213 429 2276 -Au
450 2216 593 2278 lecticam
619 2217 775 2278 homines.
801 2216 913 2279 Getull.
942 2217 991 2291 10,
1007 2215 1297 2295 ld-Lygdsmus

123 2316 164 2379 od
181 2343 193 2373 ι
255 2340 317 2384 ros,
334 2323 477 2403 Propert.
492 2326 522 2398 l,
539 2326 569 2399 8,
581 2326 619 2385 37
643 2321 697 2404 (6).
723 2326 767 2385 Ea
783 2323 905 2385 dicendi
919 2321 1086 2400 peculiaris
1106 2322 1243 2383 formula
1265 2323 1298 2382 in

123 2442 181 2503 qu
256 2430 376 2491 audias
401 2430 474 2492 licet
499 2430 733 2493 ministrandum
746 2429 797 2493 vel
811 2428 896 2491 aliud
916 2431 1133 2492 huiuscemodi
1151 2429 1296 2506 verbum,

122 2532 168 2592 ita
189 2566 192 2583 ι
276 2553 330 2615 eps
344 2538 445 2616 viguit
472 2543 507 2599 ut
520 2540 553 2598 in
566 2537 822 2617 inscriptionibus
837 2538 948 2597 aetatis
971 2537 1143 2615 imperialis
1158 2537 1198 2597 ad
1212 2537 1296 2597 desi-

121 2656 187 2715 gna
264 2643 498 2706 officiariorium
513 2662 645 2706 munera
658 2643 909 2721 frequentissime
933 2644 1188 2705 accommodetur
1199 2641 1252 2723 (3).

164 2746 189 2818 t]
269 2767 345 2812 vero
365 2751 450 2831 apud
470 2752 696 2829 Merovingicos
711 2749 760 2811 vel
775 2747 943 2812 Karolinos
965 2749 1136 2828 specimina
1157 2748 1296 2828 reperias

120 2977 187 3021 neo
254 2962 414 3027 deantur:
468 2984 527 3027 use
550 2967 632 3026 Deus
647 2969 701 3025 tus
714 2961 798 3035 fecit,
809 2981 874 3024 non
883 2967 918 3024 ut
931 2962 1147 3025 consatibiud
1161 2967 1296 3023 mortem

10 3051 11 3060 ¹
120 3066 181 3127 sed
252 3071 380 3132 retium
393 3071 434 3135 ud
470 3072 546 3134 'tom
559 3072 673 3135 forent.
688 3070 778 3132 Paul.
794 3070 863 3131 Nol.
881 3088 931 3149 ep.
947 3069 997 3142 35,
1013 3070 1095 3131 6.’-
1114 3067 1244 3148 Signum
1258 3069 1298 3133 od

121 2871 189 2914 nun
254 2864 729 3463 ιοροιιιιιιιῖἵιιιιιι
580 2856 712 2918 latinum
734 2875 798 2918 non
820 2856 900 2919 adeo
925 2855 1075 2917 excedere
1095 2855 1295 2918 consuetudi-

118 3192 175 3236 ma
245 3195 295 3238 us
314 3159 499 3244 motumet.
517 3178 609 3259 Greg.
623 3179 695 3240 Tur.
711 3165 775 3238 llll.
791 3178 820 3252 3,
842 3177 1025 3239 15.-Gum
1040 3176 1166 3256 signum
1176 3175 1216 3238 ud
1225 3193 1295 3239 cur-

116 3769 252 3809 annonam
339 3774 374 3811 :e
387 3761 427 3817 lb
445 3761 603 3829 6,1’.-9
620 3761 694 3810 Proc.
710 3760 777 3825 Aug
790 3757 827 3809 oct
839 3770 931 3808 curam
945 3756 1071 3819 gentium.
1087 3756 1126 3808 lb.
1142 3755 1165 3816 8
1181 3757 1252 3805 9391
1267 3780 1298 3792 -

116 3847 192 3899 Proc.
204 3847 242 3899 ud
253 3861 301 3899 so
354 3850 392 3902 ia
407 3859 486 3908 etho
520 3863 561 3900 ea.
574 3849 613 3901 lb.
623 3849 646 3911 8,
658 3850 714 3901 619.
734 3876 765 3885 —
784 3849 892 3899 Procur.
908 3847 1088 3912 Augustorum
1107 3843 1144 3895 od
1160 3857 1296 3895 annonam

114 3935 265 4002 provincias
276 3938 316 3989 Na
382 3961 387 3983 ¹
405 3947 479 3997 ensis
508 3946 523 3983 n
532 3951 617 4003 erzog,
631 3939 685 3987 393.
698 3965 728 3974 -
740 3937 802 4003 Leg.
818 3937 882 4002 Aug.
896 3937 925 3987 P.
941 3937 970 3987 P.
985 3934 1022 3985 ad
1037 3948 1130 3986 census
1145 3923 1296 3998 provinciae

114 4026 305 4091 Lugdunensis.
317 4027 352 4079 W
429 4057 432 4065 .
447 4055 452 4081 ι
464 4053 472 4062 ·
500 4057 503 4072 ι
516 4028 569 4078 loa.
581 4054 612 4064 -
622 4026 793 4092 cognoscenti
806 4024 843 4075 od
855 4038 946 4075 sacras
958 4038 1020 4088 app.
1031 4024 1070 4076 lb.
1084 4025 1152 4073 1220.
1165 4049 1196 4059 -
1207 4021 1294 4072 Adiut.

112 4114 151 4165 ad
164 4129 234 4168 oens.
247 4117 286 4168 ΙΙ).
300 4118 369 4167 litt.
492 4142 494 4151 ·
525 4115 562 4167 od
572 4115 665 4167 fiscum
678 4116 804 4165 Gallicum
818 4114 969 4178 provinciae
981 4113 1170 4178 Lugdunensis.
1183 4111 1220 4161 lb.
1240 4111 1295 4162 366.

10 4251 11 4254 ,
113 4206 446 4271 -L.Fuli0Equestrs·
574 4206 642 4257 XVII
657 4205 846 4271 Lugduniensis
865 4202 901 4253 cd
920 4209 1063 4254 monetam.
1083 4201 1247 4265 Roulipigr.
1260 4200 1296 4249 du

112 4295 177 4346 uiui
190 4296 222 4346 de
234 4296 455 4362 leFrancs,109,
601 4307 678 4344 ·urus
689 4293 776 4344 Liviae
787 4291 824 4343 cd
835 4291 950 4343 valetud.
962 4293 1022 4343 CIL.
1034 4293 1058 4353 6,
1068 4291 1139 4342 9986.
1150 4318 1181 4327 -
1191 4290 1295 4341 Primus

112 4384 254 4437 Messallae
272 4385 311 4437 ad
326 4389 460 4441 valetud·
646 4409 697 4435 .-
710 4382 898 4447 [Phlosphorus
916 4381 1032 4432 Marcell.
1054 4379 1092 4432 ad
1106 4380 1198 4445 supell.
1213 4379 1251 4431 lb.
1269 4379 1294 4440 6,

112 4474 185 4526 llll.
199 4476 359 4529 -Tituleis
372 4480 506 4531 nobiliss
551 4416 624 4555 §Q
652 4471 721 4532 ‚au
731 4472 856 4536 supeloct.
868 4471 906 4521 lb.
921 4472 946 4531 6,
956 4470 1027 4521 sols.
