3084 5067
718 351 896 417 -roe-

223 534 287 579 uon
300 513 406 578 valere
420 516 503 597 opud
517 509 683 581 interdum.
701 515 848 597 Suspicor
862 523 968 581 autem
983 519 1236 600 antiquissimam
1250 521 1282 582 in
1292 519 1394 582 Gallia

222 625 303 685 inter
314 622 391 684 duas
405 621 576 703 particulas
589 624 634 686 ita
648 622 865 685 confusionem
879 625 1090 687 intercessisse
1104 629 1140 687 ut
1156 626 1246 687 alteri
1259 631 1392 706 utraque

222 734 331 792 mutua
345 748 494 792 sensuum
508 729 722 793 vicissitudine
730 749 793 792 non
803 732 961 796 mediocre
973 733 1111 795 officium
1126 735 1328 815 praestiterit.

261 837 352 915 Ergo,
370 838 402 896 iu
417 854 550 911 summa,
568 837 606 898 de
619 836 810 899 abstrusiora
822 838 848 898 si
862 838 902 899 ad
927 838 1081 917 originem
1100 840 1254 902 adtendas
1267 857 1327 902 usu
1346 842 1392 902 ita

222 944 320 1005 terme
336 943 524 1006 concludam
540 964 547 1002 :

261 1052 294 1111 1⁰
308 1051 372 1112 Etsi
385 1049 433 1112 rel
447 1067 463 1111 e
478 1049 546 1112 sola
573 1052 797 1130 congruentiae
825 1051 963 1125 notione,
993 1071 1090 1133 quam
1119 1054 1198 1115 adeo
1226 1056 1392 1134 perspicue

221 1156 325 1235 signat
339 1157 423 1242 apud
437 1155 567 1218 Latinos
589 1154 639 1233 od,
656 1157 758 1238 possis
772 1159 886 1221 ducere
910 1159 1017 1223 varios
1041 1160 1128 1222 modi
1145 1165 1176 1222 et
1189 1159 1393 1223 instrumenti

221 1281 342 1338 sensus,
357 1263 471 1342 quibus
485 1263 640 1343 particula
653 1265 673 1325 d
686 1263 719 1325 in
732 1269 841 1327 nostro
856 1283 1001 1328 sermone
1011 1266 1151 1344 inservit,
1163 1265 1271 1328 malim
1285 1271 1391 1329 tamen

220 1368 487 1449 praepositionem
501 1369 581 1450 epod
603 1388 666 1431 uns
679 1368 773 1431 simul
787 1372 819 1431 in
834 1388 960 1433 sensum
979 1371 1146 1436 coaluisse.

260 1477 294 1537 2⁰
307 1478 385 1540 Gom
400 1476 479 1539 duae
493 1476 665 1557 particulae
689 1478 821 1557 gallicae
848 1497 879 1556 o,
908 1479 948 1541 od
970 1483 1001 1541 et
1029 1479 1076 1560 od,
1093 1480 1265 1543 osensihus
1278 1481 1392 1544 iisdem

220 1601 285 1646 non
299 1582 396 1644 semel
410 1584 699 1657 accommodentur,
716 1585 898 1648 confusione
909 1587 1047 1665 quadam
1074 1588 1235 1666 prioribus
1256 1588 1391 1651 saeculis

220 1691 403 1770 permisceri
414 1695 583 1770 potuerunt
605 1711 619 1751 ἰ
650 1691 833 1771 ecquidem
857 1692 1008 1768 conlusio,
1039 1693 1183 1773 quamvis
1209 1695 1393 1757 adversetur

220 1814 314 1858 sonus
328 1796 515 1872 litterarum,
526 1797 623 1860 variis
637 1799 780 1861 codicum
794 1801 1083 1877 merovingicorum
1097 1799 1283 1863 lectionibus
1294 1800 1391 1864 inter-

224 1903 299 1965 dum
310 1904 555 1966 demonstratur.

259 2011 293 2070 30
303 2012 490 2090 Repugnsre
505 2016 611 2073 tamen
624 2013 747 2074 videtur
774 2012 964 2093 praepositio
990 2013 1069 2093 opud
1086 2014 1111 2074 si
1126 2030 1196 2076 eam
1217 2014 1390 2094 adiungere

220 2116 297 2179 velis
311 2134 417 2179 rerum
431 2118 610 2180 notionibus
625 2136 705 2198 quae
717 2137 781 2181 non
790 2118 905 2182 cadunt
921 2118 979 2180 sub
994 2121 1265 2183 consumendam
1281 2127 1391 2184 contra

221 2241 286 2286 non
300 2224 451 2287 mediocri
462 2224 635 2304 praevaluit
642 2231 812 2301 moment0,
823 2229 968 2306 quotiens
977 2226 1023 2288 rei
1034 2234 1088 2289 aut
1096 2246 1250 2308 personae
1258 2230 1389 2292 adiunc-

220 2332 264 2392 tio
278 2330 385 2393 localis
399 2336 532 2407 notetur,
549 2332 692 2411 quotiens
712 2332 807 2393 etiam
821 2332 977 2394 ablativus
994 2333 1176 2397 Latinorum
1191 2337 1391 2399 instrumenti

223 2439 263 2499 slt
277 2437 478 2519 supplendus,

258 2546 291 2604 d·
305 2544 426 2607 Goicias
453 2546 559 2607 forsan
583 2546 656 2609 licet
683 2548 816 2627 septimo
845 2547 894 2609 vel
922 2552 1033 2609 octavo
1048 2547 1172 2611 saeculo
1188 2548 1389 2611 exstitissem

220 2650 344 2730 vulgari
356 2649 472 2715 Galliae
485 2652 637 2715 latinitate
648 2653 869 2735 particulsma
889 2655 1057 2735 quandam,
1074 2660 1148 2716 ante
1171 2655 1389 2718 vocaleslitte·

222 2777 274 2820 ras
298 2757 338 2819 od
367 2761 547 2839 promiscue
575 2760 625 2823 vel
638 2761 676 2824 od
703 2763 831 2835 factam,
860 2779 940 2842 quae
962 2779 1019 2841 pro
1039 2762 1222 2824 Latinorum
1250 2763 1389 2826 ablativo

221 2865 435 2928 obsolescente
450 2868 561 2929 indies
577 2870 762 2947 praesertim
777 2869 817 2930 ad
836 2869 1034 2931 instrumenti
1057 2868 1300 2932 declarationem
1315 2887 1389 2933 cum

221 2971 375 3051 particula
384 2989 444 3053 per
457 2973 626 3038 concurrit.
