3084 5067
642 348 779 407 „9-

124 507 317 583 discrimina,
334 508 360 567 si
384 508 489 568 minus
509 508 549 567 ad
569 509 752 569 continuum
775 509 838 569 stili
861 511 1003 569 tenorem
1022 508 1177 588 quemad
1201 525 1293 570 usum

123 613 216 673 unius
230 613 403 692 particulae
417 614 609 675 adtenderis.

75 725 82 740 ·
163 720 270 780 Altera
315 721 466 781 nimirum
491 720 587 782 classe
622 723 891 801 comprehendam
930 727 1032 784 cetera
1074 727 1291 797 monumenta,

124 845 205 905 quae
220 829 474 907 corruptissime
489 829 522 887 in
537 828 638 889 Gellia
652 828 819 890 latinitatis
837 830 955 891 indicia
965 835 995 890 et
1009 830 1209 891 indelebilem
1223 831 1293 891 bar-

122 936 231 996 bariae
246 940 355 997 notam
370 935 551 1012 exhibeant,
568 954 648 1015 quae
664 954 725 1015 quo
739 938 902 998 vitiosiore
920 956 957 999 eo
979 939 1107 998 maioris
1126 939 1167 1001 ad
1181 955 1295 1017 propo

123 1047 216 1107 sitam
229 1063 299 1106 rem
314 1049 457 1107 constent
470 1046 575 1124 pretii,
593 1044 711 1107 scilicet
737 1046 959 1125 Inscriptiones
977 1046 1181 1119 Christianos,
1198 1047 1295 1124 Leges

123 1152 334 1214 Berbarorum
348 1152 444 1214 latine
458 1153 638 1225 translatas,
652 1152 831 1232 Diplomata
846 1159 877 1213 et
892 1153 1085 1233 Capitularia
1094 1158 1162 1214 tum
1173 1155 1293 1231 Regum

122 1264 316 1324 Francorum
332 1279 348 1323 e
370 1262 476 1340 prima
491 1262 585 1339 stirpe
609 1264 678 1321 tum
693 1261 846 1323 Maiorum
861 1263 989 1335 Domus
1005 1262 1135 1323 Glrsrtas
1159 1262 1293 1340 denique

122 1375 153 1431 et
179 1372 345 1434 Formulas
371 1387 453 1449 quae
480 1370 520 1430 ad
547 1369 743 1448 privatorum
772 1389 825 1433 res
853 1370 1008 1447 adiment,
1035 1375 1067 1431 et
1094 1388 1175 1450 quae
1202 1365 1294 1432 rarae
1334 1353 1340 1360 ⁹

122 1477 296 1539 admodum
314 1479 347 1538 in
375 1481 475 1549 sexto,
503 1475 602 1538 mulio
622 1479 726 1539 minus
744 1479 778 1539 in
798 1480 931 1558 septimo
958 1477 1009 1539 vel
1037 1482 1148 1540 octavo
1169 1477 1294 1539 saeculo

122 1584 351 1647 desiderantur.
379 1586 422 1645 ln'
439 1585 489 1648 his
507 1586 647 1665 profecto
667 1586 815 1649 omnibus
839 1587 1056 1647 instrumentis
1082 1604 1145 1647 non
1168 1590 1294 1647 tantum

43 1682 48 1693 “
120 1691 246 1753 litterae
276 1711 313 1755 ec
345 1694 584 1755 terminationes
614 1693 784 1755 verborum
812 1691 990 1768 mutantur,
1023 1689 1079 1754 sed
1110 1687 1295 1753 deturbatur

122 1817 250 1879 quoque
264 1802 406 1880 syntaxis
426 1805 457 1861 et
472 1802 720 1862 constructiones
739 1802 910 1863 indiscreta
930 1798 1111 1862 confusione
1134 1798 1292 1870 laborant,

122 1907 169 1968 ita
188 1910 296 1969 tamen
309 1913 345 1970 ut
359 1910 464 1969 nescio
479 1909 555 1987 quid
569 1926 687 1970 novum
710 1908 872 1970 illucescat
890 1913 921 1970 et
938 1910 1021 1969 inter
1034 1908 1125 1967 latini
1143 1905 1296 1967 sermonis

122 2013 241 2075 rudera
250 2016 414 2092 ingenium
425 2032 550 2094 quoque
561 2015 688 2093 linguae
700 2015 866 2095 detegatur
877 2016 1111 2078 succrescentis.
1121 2013 1179 2074 Hic
1189 2001 1300 2076 autem¹

44 2173 51 2184 .
123 2127 210 2199 opus'
231 2122 291 2181 erit
315 2123 438 2183 ratione
465 2125 540 2201 apta
565 2124 690 2200 signare
719 2140 936 2201 quaecumque
961 2123 1045 2201 apud
1071 2120 1297 2198 Merovingicos

123 2228 293 2305 scriptores
320 2229 407 2289 velut
430 2247 505 2289 usus
527 2230 710 2291 Latinorum
731 2228 852 2291 classici
872 2229 1036 2309 productio
1048 2229 1139 2306 quasi
1153 2231 1297 2289 emortua

124 2333 237 2395 haberi
252 2335 375 2409 debeat,
392 2354 471 2416 opus
485 2338 546 2397 erit
560 2342 716 2417 quatenus
730 2336 804 2398 licet
817 2354 855 2397 ee
869 2353 1034 2416 segregare
1054 2354 1073 2395 a
1089 2335 1231 2396 sensibus
1243 2337 1298 2413 qni

125 2441 160 2500 in
169 2442 293 2521 vulgari
306 2448 338 2504 et
347 2445 505 2505 cotidiano
520 2463 664 2507 sermone
675 2444 920 2523 praevaluerunt
928 2462 966 2505 ac
977 2443 1089 2505 deinde
1104 2442 1298 2504 ordinandae

125 2546 263 2610 Gallicae
277 2552 402 2630 syntaxi
417 2553 648 2613 accommodati
662 2556 746 2613 sunt.

166 2655 225 2717 Hic
249 2659 296 2715 est
324 2658 408 2717 enim
436 2658 673 2737 disceptationis
700 2661 826 2718 nostrae
853 2658 1049 2719 rationaliter
1078 2658 1190 2732 exitus,
1219 2657 1299 2719 haec

125 2780 253 2841 quoque
267 2763 410 2842 legitima
425 2769 521 2837 meta,
533 2768 569 2825 ut
583 2782 603 2824 a
617 2764 750 2825 saeculis
765 2764 976 2825 Ciceronianis
990 2763 1134 2842 profecti,
1144 2762 1184 2823 ad
1199 2761 1298 2824 infor·

125 2870 300 2931 mationem
315 2888 413 2948 usque
428 2872 610 2933 romanicae
624 2869 750 2948 linguae
764 2875 890 2932 nostrae
905 2870 1104 2932 accedamus.
1115 2869 1210 2930 Cuius
1224 2887 1299 2930 vero

125 2975 255 3054 linguae
271 2994 342 3038 cum
358 2979 577 3056 antiquissima
591 2984 809 3051 monumenta,
826 2979 965 3057 exceptis
979 2976 1178 3056 Argentorati
1192 2975 1300 3039 Secre-

126 3084 255 3156 mentis‚
271 3084 394 3160 decimo
407 3089 532 3146 tantum
548 3085 675 3150 sacculo
697 3085 859 3164 adsignari
882 3086 1017 3164 possint,
1034 3083 1193 3145 interdum
1209 3088 1300 3144 erunt

127 3187 309 3250 exhibenda
334 3189 427 3251 nobis
449 3194 521 3268 posi
544 3209 621 3251 usus
644 3192 712 3252 aevi
735 3191 938 3268 Merovingici
957 3191 1131 3269 specimina
1144 3190 1300 3268 quaedem

126 3294 295 3355 latinitatis
315 3313 396 3375 quae
412 3296 566 3358 Karolina
583 3296 771 3376 adpellatur,
788 3316 827 3358 ne
841 3298 986 3359 videatur
1000 3298 1179 3375 interrupta
1193 3313 1300 3357 saecu-

130 3400 239 3462 lorum
266 3404 372 3464 series.
398 3405 475 3464 Rem
501 3409 608 3465 tamen
633 3422 697 3466 non
721 3403 789 3465 sine
815 3405 938 3466 delectu
962 3405 1088 3478 seciam,
1113 3421 1185 3466 cum
1205 3404 1302 3464 nemi·

129 3525 206 3568 nem
229 3508 330 3586 fugiat
348 3510 493 3588 quantuli
516 3513 579 3571 sint
602 3510 788 3590 plerumque
807 3513 901 3591 pretii
919 3511 1072 3572 Kerolina
1093 3512 1303 3571 instrumenta

130 3615 173 3676 ad
190 3616 417 3678 dinoscendum
432 3618 596 3698 vulgarem
609 3637 702 3679 usum
720 3620 804 3681 unde
824 3625 894 3680 orta
914 3620 952 3679 sit
977 3619 1096 3681 Gallica
1120 3618 1230 3697 lingua
1246 3635 1253 3678 :
1270 3618 1303 3676 in

130 3723 246 3801 quibus
270 3724 411 3802 profecto
435 3725 515 3784 nihil
539 3727 664 3804 saepius
684 3731 731 3787 est
750 3727 889 3805 reperire
906 3727 966 3786 nisi
980 3726 1133 3786 formulas
1147 3742 1224 3787 aevo
1239 3726 1303 3785 iam

131 3830 344 3908 praecedente
371 3835 540 3910 usurpatas
565 3833 615 3894 vel
637 3850 814 3894 sermonem
839 3837 995 3894 resartum
1022 3838 1053 3894 et
1075 3832 1174 3893 latino
1199 3830 1303 3893 colore

133 3934 207 4014 plus
219 3937 324 3997 minus
337 3937 463 3999 illitum.
482 3939 556 4000 Post
570 3940 723 4000 Karolum
737 3942 896 4017 Magnum,
912 3958 997 4000 nono
1012 3939 1137 4001 saeculo
1152 3939 1188 3999 fit
1202 3939 1304 3998 meins

136 4044 171 4102 in
189 4043 255 4104 dies
270 4044 439 4106 divortium
454 4046 535 4107 inter
553 4065 627 4107 usus
646 4046 746 4125 plebis
765 4050 797 4106 et
815 4046 1020 4122 eruditorum,
1037 4047 1183 4108 increscit
1205 4044 1305 4105 nothe

135 4151 217 4212 haec
231 4152 324 4213 Medii
338 4151 413 4214 Aevi
426 4153 577 4226 latinitas
593 4171 690 4233 quam
704 4153 843 4231 vulgaris
856 4153 982 4233 linguae
997 4154 1076 4215 adeo
1091 4171 1155 4213 non
1171 4152 1305 4231 genetri-

134 4275 205 4319 cem
218 4273 285 4319 esse
298 4259 402 4320 dicam
417 4265 452 4320 ut
465 4260 610 4337 vulgaria
624 4264 734 4322 contra
748 4262 781 4321 in
803 4261 906 4321 sinum
930 4261 1084 4323 vocabula
1104 4260 1203 4321 latino
1219 4259 1304 4319 exitu

135 4364 246 4425 induta
259 4366 325 4426 iam
338 4367 478 4446 recipere
491 4367 645 4428 videatur.

177 4470 256 4531 (lum
270 4478 378 4534 tamen
392 4474 453 4535 hoc
472 4492 550 4535 aevo
569 4493 632 4535 non
652 4474 705 4534 alii
724 4478 828 4535 textus
851 4480 1028 4549 occurrant,
1046 4491 1118 4537 cum
1143 4492 1182 4534 ex
1205 4474 1305 4534 altera
