3084 5067
742 366 901 434 „34-

232 533 322 598 Chait
335 529 425 597 odeat
451 535 565 596 devant
593 533 644 595 lui.
662 535 749 607 Rois,
764 553 796 613 p.
812 535 882 595 311.
898 568 937 579 -
952 533 1010 595 Sus
1020 532 1052 594 la
1064 538 1146 593 terre
1161 532 1264 611 giscnt
1289 527 1387 592 odat.

232 641 369 716 Beneoit,
385 641 448 704 DN.
467 642 575 703 16668.

272 748 355 810 Haec
377 747 519 827 vestigia,
549 747 834 828 quantulacumque
849 751 923 823 sint,
945 748 1162 809 demonstrant
1176 763 1271 825 quum
1289 742 1391 826 nimiu

230 854 341 917 infima
350 855 502 917 latinitate
512 854 660 916 habuerit
669 854 862 935 praepositio
873 860 979 916 utnon
989 853 1228 916 translationem
1238 851 1331 912 modo
1341 849 1392 911 sed

231 962 420 1042 positionem
434 979 556 1041 quoque
570 961 668 1022 lixam
682 960 714 1022 iu
727 960 799 1024 loco
814 962 919 1023 ablata
943 959 1088 1022 movendi
1102 958 1229 1021 notione
1244 956 1390 1035 signaret.

797 1258 847 1322 ΙΙΙ.

267 1418 370 1480 Facile
378 1417 515 1512 ¹intelligi
532 1422 711 1498 potestque
725 1417 846 1480 ratione
867 1414 1127 1495 asigniflcatione
1150 1412 1243 1475 locali
1258 1415 1299 1475 ad
1311 1419 1392 1475 tem·

229 1544 287 1616 pus
314 1526 506 1606 praepositio
531 1524 571 1587 ad
602 1525 824 1587 transferatur.
848 1525 948 1585 Immo
974 1522 1101 1584 cuilibet
1125 1538 1193 1583 rem
1226 1519 1277 1583 vel
1303 1520 1395 1601 paulo

228 1632 385 1695 adtentius
400 1631 605 1713 perpendenti
632 1629 763 1710 liquebit
789 1621 1019 1709 profectointor
1033 1630 1113 1691 duos
1131 1647 1207 1689 usus
1228 1626 1396 1690 discrimen

227 1738 292 1830 tare
305 1738 427 1800 nullum
451 1737 649 1811 intercidere,
666 1756 737 1800 cum
752 1754 820 1799 rem
844 1755 909 1799 non
936 1736 1007 1798 loco
1026 1740 1149 1798 tantum
1163 1735 1218 1796 sed
1245 1734 1397 1814 temporis

227 1862 352 1925 quoque
366 1845 466 1926 spatio
478 1846 581 1925 possis
596 1845 787 1907 adscribere.
803 1844 869 1906 Huc
891 1848 999 1905 autem
1021 1842 1192 1906 relationes
1207 1841 1397 1922 temporales

229 1950 387 2030 quaslibet
401 1952 548 2026 referam,
565 1969 637 2012 cum
651 1950 753 2012 inillis
763 1951 958 2031 plerumque,
971 1951 997 2011 si
1007 1950 1194 2029 praesertim
1204 1948 1246 2009 ad
1255 1945 1397 2009 intimam

228 2057 350 2130 spectes
362 2051 562 2128 latinitatem,
579 2052 632 2113 vix
646 2053 793 2114 movendi
807 2053 894 2115 notio
910 2068 1074 2131 superesse
1089 2049 1244 2112 rideatur.

267 2157 298 2239 a)
312 2158 401 2239 Apud
415 2157 551 2239 optimos
579 2158 710 2237 Augusti
722 2159 840 2221 saeculi
869 2160 1039 2239 scriptores
1064 2176 1101 2221 eo
1127 2158 1223 2221 modo
1243 2156 1399 2238 particula

226 2265 376 2345 temporis
410 2264 618 2344 designationi
650 2265 778 2326 inservit
807 2271 841 2326 ut
866 2283 929 2326 non
954 2265 1052 2325 fixum
1081 2269 1110 2325 et
1144 2265 1223 2325 bene
1258 2266 1396 2325 circum-

227 2371 378 2451 scriptum
392 2377 543 2451 punctum
566 2372 617 2433 vel
641 2371 726 2433 diem
750 2377 871 2433 certam
898 2372 1024 2445 indicet,
1055 2371 1110 2432 sed
1124 2370 1285 2451 eleganter
1294 2369 1400 2451 potius

225 2478 421 2541 indefinitum
434 2485 559 2559 tempus
570 2480 737 2542 accedente
761 2478 1004 2560 praepositionis
1028 2479 1151 2541 circiter
1170 2480 1310 2542 notione.
1329 2481 1400 2541 Non

226 2584 324 2646 semel
349 2585 524 2647 adhibitam
552 2603 622 2647 eam
635 2588 776 2667 reperias
802 2587 842 2648 ad
857 2586 1087 2648 extendendum
1105 2585 1225 2647 infinite
1239 2603 1400 2647 annorum

226 2693 397 2754 terminum
411 2692 494 2754 intra
509 2712 587 2773 quos
601 2694 671 2755 fieri
685 2713 735 2755 res
749 2694 854 2773 aliqua
868 2694 978 2773 possit,
995 2694 1075 2754 utin
1094 2693 1144 2753 his
1159 2691 1372 2754 Ciceronianis
1389 2715 1397 2753 :

225 2799 336 2861 Nescio
350 2799 426 2878 quid
440 2800 569 2876 intersit,
587 2806 693 2862 utrum
707 2800 781 2862 illuc
794 2817 878 2861 nunc
890 2800 1025 2874 veniam,
1042 2818 1082 2860 an
1103 2798 1143 2861 od
1157 2799 1268 2860 decem
1281 2818 1403 2863 annos.

106 2913 110 2921 “
176 2900 182 2912 ’
226 2906 288 3002 Gic.
301 2906 342 2967 ad
352 2906 415 2971 Act.
431 2907 480 2982 lt,
496 2907 547 2967 ts.
563 2940 603 2954 -
616 2908 660 2968 Ne
670 2906 901 2986 Sampsicerani
912 2904 1026 2967 marita
1039 2904 1072 2966 in
1092 2904 1228 2984 patriam
1242 2905 1283 2967 od
1297 2924 1400 2968 annos

225 3018 389 3075 sexcentos
415 3014 537 3076 maiora
559 3015 751 3076 viderentur.
767 3014 813 3076 ld.
840 3014 884 3078 ib.
909 3014 939 3090 2,
953 3015 1002 3076 17.
1018 3010 1104 3072 -Si
1118 3012 1159 3074 od
1178 3012 1287 3074 decem
1309 3012 1402 3075 milia

225 3137 379 3180 annorum
394 3124 519 3200 gentem
526 3119 665 3200 aliquam
676 3120 754 3181 urbe
768 3125 877 3182 nostra
887 3119 1059 3198 potituram
1074 3124 1193 3199 putem.
1205 3120 1253 3182 ld.
1264 3120 1398 3197 Tusci,

224 3226 262 3286 37
273 3224 327 3305 (1).
342 3225 427 3298 Quas
441 3227 582 3305 profecto
598 3225 762 3289 subtiliora
777 3246 924 3289 sensuum
944 3226 1126 3289 discrimina
1136 3246 1200 3290 non
1213 3232 1261 3289 est
1279 3225 1401 3288 mirum

224 3333 250 3392 si
270 3332 434 3409 ingruente
456 3331 605 3394 barbaria
619 3334 771 3412 perierint
792 3333 944 3413 paulatim
964 3339 994 3395 et
1017 3334 1182 3396 obliterata
1206 3335 1280 3396 sint.
1296 3335 1400 3395 Huius

224 3437 308 3498 enim
333 3456 443 3499 sensus
465 3439 582 3501 rustica
595 3439 827 3518 depravatione,
844 3446 879 3502 ut
892 3441 1045 3521 suspicari
1065 3442 1167 3517 datur,
1184 3441 1399 3521 praepositio-

222 3541 270 3601 nis
284 3540 324 3603 ud
336 3543 486 3622 temporis
497 3543 735 3604 continuitatem
744 3542 939 3604 indefinitam
957 3543 1110 3624 signantis
1121 3550 1151 3605 et
1165 3543 1249 3604 idem
1260 3543 1400 3605 valentis

221 3654 314 3728 atque
326 3666 383 3728 per
397 3649 540 3729 exempla
554 3655 721 3712 occurrunt
734 3648 870 3711 rariora.
884 3650 948 3711 lloc
963 3652 1179 3713 tantummodo
1191 3650 1399 3730 perspicuum

222 3757 380 3833 specimen
392 3757 475 3835 apud
489 3757 716 3835 Merovingicos
731 3758 878 3835 detegere
904 3757 1010 3837 potui:
1027 3757 1133 3837 Ipsam
1148 3775 1217 3817 rem
1231 3756 1272 3819 cd
1286 3759 1401 3818 viven-

221 3867 389 3922 tumtunm
402 3881 458 3943 per
482 3869 590 3925 nostro
619 3864 768 3926 beneficio
793 3870 911 3928 teneas.
936 3867 1042 3927 Form.
1058 3864 1115 3926 SB.
1131 3866 1181 3936 22,
1198 3884 1231 3943 p.
1247 3865 1317 3938 236,
1339 3865 1398 3928 26.

222 3967 281 4029 Sed
296 3987 332 4030 eo
345 3968 512 4049 pretiosius
526 3972 609 4050 quod
625 3971 686 4032 late
700 3976 813 4049 postea
830 3973 965 4049 viguerit
986 3990 1170 4049 repercussa
1185 3976 1349 4033 structura
1364 3972 1401 4032 in

220 4077 318 4137 veteri
332 4080 441 4139 nostro
456 4094 601 4144 sermone
618 4096 625 4138 :
643 4078 685 4139 Or
697 4078 763 4139 volt
777 4097 838 4157 quc
853 4083 984 4157 prenget
1013 4077 1136 4139 muilier
1150 4097 1169 4140 a
1193 4095 1252 4139 son
1266 4077 1401 4143 vivant.

223 4181 336 4259 Alexis,
352 4184 429 4246 8.-
438 4183 535 4244 Metez
549 4183 577 4243 le
592 4184 676 4261 siege
687 4190 778 4247 utute
794 4188 898 4246 vostre
911 4184 972 4248 vie.
985 4184 1052 4248 Rol.
1065 4185 1231 4247 tlte-Ne
1246 4186 1402 4247 l'amerai

262 4465 286 4529 1)
299 4465 337 4516 lta
347 4478 399 4529 quo
412 4465 447 4516 ol.
462 4467 608 4530 Turasllin„
621 4481 679 4532 cap.
692 4468 716 4531 8,
727 4472 740 4528 5
753 4470 777 4530 2,
793 4469 816 4530 3,
830 4471 859 4530 t;
871 4469 1071 4535 Βηοςοτ,11ι“31.
1084 4470 1171 4535 Sunt,
1187 4477 1206 4524 t.
1217 4471 1237 4532 l,
1252 4484 1278 4536 p.
1289 4472 1347 4524 tre.
