3084 5067
182 1674 357 1754 syntaxeos
384 1673 613 1753 merovingicae
638 1680 732 1755 caput
755 1674 1076 1755 quantulumcumque
1103 1674 1304 1737 scribendum

143 1782 323 1860 adgredior.
340 1783 402 1845 Nee
417 1800 467 1843 me
482 1781 562 1843 fallit
574 1800 672 1861 quam
684 1783 784 1845 ardua
800 1800 851 1844 ros
871 1781 912 1843 sit
930 1800 967 1844 ac
984 1800 1083 1862 prope
1101 1781 1302 1861 periculosa:

143 1906 257 1969 nempe
281 1906 376 1951 sanae
398 1894 429 1950 et
450 1889 606 1968 perfectae
628 1889 755 1967 linguae
778 1888 882 1951 varios
909 1907 984 1950 usus
1012 1893 1132 1962 notare,
1153 1888 1305 1951 formulas

144 1995 395 2058 distinctionibus
417 1998 498 2058 inter
523 2015 557 2057 se
579 1995 798 2057 minutissimis
817 1995 1047 2059 discriminatos
1066 1994 1222 2076 explicare
1242 2013 1306 2059 non

145 2100 207 2163 nisi
228 2120 345 2181 magno
367 2102 475 2164 labore
498 2102 611 2181 possis.
628 2100 707 2174 ouid
725 2105 753 2163 si
777 2120 956 2165 sermonem
974 2106 1129 2181 agrestem
1147 2107 1178 2163 et
1195 2102 1307 2164 barba-

140 2228 227 2283 rum,
243 2209 430 2271 latinitatem
444 2209 528 2290 apud
542 2209 708 2271 nonnullos
721 2214 865 2272 auctores
883 2210 1033 2272 cincinnis
1049 2210 1199 2285 fucatam,
1223 2209 1307 2290 apud

145 2316 310 2396 plerosque
338 2335 435 2397 pravo
458 2316 682 2380 vocabulorum
703 2336 760 2378 usu
780 2321 811 2378 et
830 2316 940 2378 vitiata
964 2317 1161 2379 construendi
1185 2318 1307 2379 ratione

147 2424 410 2504 deliquescentern
432 2425 601 2504 explanare
625 2424 781 2485 volucris?
795 2424 871 2495 Quid
895 2426 922 2485 si
943 2442 1005 2485 nou
1026 2423 1227 2487 cohaerentia
1244 2424 1308 2485 iam

147 2536 280 2609 aptaque
297 2532 378 2592 inter
392 2550 424 2593 se
438 2533 567 2609 iungere
582 2531 735 2605 membra,
751 2531 807 2591 sed
821 2534 986 2592 materiam
1005 2530 1112 2592 laxam
1134 2537 1163 2592 et
1185 2531 1309 2592 fluitan-
1357 2537 1362 2552 ¹

146 2641 211 2697 tem
224 2639 268 2697 ita
282 2655 436 2711 coercere,
452 2643 487 2698 ut
501 2638 541 2698 ad
554 2636 705 2698 amussim
720 2638 891 2716 redigatur,
909 2638 1018 2698 enixus
1032 2638 1146 2698 lucris?

187 2743 264 2802 Rem
277 2743 419 2822 prolecto
432 2743 599 2805 rederium
614 2744 685 2803 Diez
700 2741 731 2802 in
746 2738 951 2805 Grammatico
965 2741 1152 2823 meuorum
1170 2741 1311 2805 liencurt-

148 2865 252 2909 carum
265 2847 307 2929 (1)
322 2852 450 2928 egregio
463 2850 580 2910 haustu
593 2848 781 2928 praelibavit
794 2854 825 2909 et
839 2849 944 2929 operis
957 2849 1115 2910 incohavit
1129 2850 1199 2929 plus
1214 2868 1311 2928 quam

148 2954 339 3018 lineamenta
354 2974 361 3017 :
377 2958 492 3035 quippe
507 2958 571 3035 qui,
589 2959 623 3016 ut
643 2956 697 3018 hic
720 2956 760 3016 ad
782 2955 951 3017 verborum
974 2959 1164 3017 structuram
1187 2960 1311 3017 tantum

150 3066 337 3140 spectemus,
354 3063 531 3124 usitatiores
550 3062 634 3142 apud
656 3080 713 3123 nos
733 3063 857 3124 dicendi
871 3063 1024 3123 formulas
1039 3061 1168 3123 elatino
1183 3062 1310 3140 quidem
1353 3068 1357 3072 ’

150 3186 294 3230 sermone
309 3169 418 3232 ductas
436 3187 513 3241 esse,
529 3169 583 3229 sed
597 3170 802 3230 intercidente
818 3169 947 3232 infimae
963 3170 1125 3230 cuiusdam
1140 3172 1171 3229 et
1186 3186 1313 3247 corrup

124 3287 127 3293 ·
150 3279 200 3335 tac
214 3274 376 3336 latinitatis
390 3294 459 3350 usu,
477 3277 557 3354 aptis
571 3280 601 3336 et
621 3275 743 3336 idoneis
763 3294 827 3335 nou
848 3276 945 3336 semel
965 3276 1115 3355 exemplis
1135 3292 1313 3336 commons-

150 3383 253 3443 travit.
271 3383 350 3443 Gum
364 3386 469 3444 autem
484 3383 657 3444 clarissimo
672 3381 718 3441 illi
731 3381 896 3461 philologo
910 3382 1098 3443 destinatum
1115 3386 1195 3442 esset
1210 3381 1314 3461 potius

152 3490 370 3565 cognationem
385 3489 545 3569 quandam
559 3489 740 3567 linguarum
753 3489 1003 3551 neo-latinarum
1026 3493 1060 3549 ut
1083 3506 1121 3549 ex
1142 3503 1205 3549 uuo
1227 3487 1313 3548 fonte

153 3599 294 3656 ortorum
307 3601 417 3658 notare
435 3613 530 3674 quam
545 3596 700 3673 inquirere
721 3598 873 3673 quatenus
891 3596 973 3654 iuter
991 3609 1024 3655 se
1042 3595 1264 3673 discreparent,
1280 3591 1315 3653 ut

153 3705 187 3759 ut
200 3702 366 3763 indiscrete
380 3702 503 3779 saepius
517 3701 610 3763 ducta
624 3719 641 3761 e
656 3702 869 3777 merovingico
879 3700 997 3760 Galliae
1011 3717 1155 3761 sermone
1170 3699 1315 3779 exempla

153 3806 356 3870 admiscuerit
369 3807 517 3868 latinitati
538 3808 649 3868 iisdem
671 3808 736 3868 fere
755 3806 887 3867 saeculis
907 3811 975 3866 turn
993 3808 1025 3866 in
1045 3807 1134 3868 ltalia
1148 3811 1214 3867 tum
1232 3806 1314 3885 apud

154 3913 308 3992 Hispanos
322 3914 458 3990 florenti,
475 3919 506 3975 et
523 3914 701 3988 aedilicium
718 3913 857 3973 mirabili
879 3932 954 3974 sane
976 3931 1082 3974 rerum
1103 3915 1243 3988 scientia,
1260 3912 1323 3973 sed‘

155 4019 259 4098 aliqua
283 4025 390 4081 tomen
409 4026 497 4100 parte
518 4021 709 4093 claudicans,
725 4023 832 4098 utpote
851 4024 899 4082 tot
918 4022 1041 4081 diuersa
1062 4020 1204 4082 membra
1229 4037 1315 4081 com·

153 4126 301 4204 plectens,
318 4129 358 4189 ad
372 4130 465 4200 unius
478 4128 606 4205 regulae
621 4145 801 4200 mensuram
816 4129 1003 4190 exstruxerit
1021 4132 1051 4188 et
1070 4128 1312 4210 concinnaverit.

175 4409 218 4474 ¹(l)
231 4411 273 4460 llr.
288 4409 356 4471 Dies,
374 4405 538 4461 erommottt
557 4409 604 4460 der
622 4407 803 4461 romaniscdeu
816 4408 956 4475 Sprocleen,
972 4414 986 4460 5
1004 4412 1082 4477 Ausg.
1105 4412 1187 4473 Boou,
1204 4412 1264 4488 1882
1281 4412 1332 4476 (in.

152 4500 236 4551 sineru
248 4500 354 4564 Bande).
