3084 5067
659 329 817 389 41..

146 489 208 551 Dos
221 506 241 552 e
253 507 304 552 sos
317 488 366 551 laz
380 487 502 569 pendeu
516 487 651 552 lasruus.
675 486 720 552 lb.
738 490 787 551 71.
810 519 852 536 -
877 488 993 550 Lubias
1011 489 1071 550 iert
1095 506 1115 550 a
1137 492 1193 552 ton
1214 489 1317 550 destre

145 597 253 658 costel.
270 599 364 672 Amis,
382 597 470 659 1676.
485 595 564 658 -Α
579 615 636 658 6611
651 596 701 659 661
715 602 791 677 66111
805 598 921 658 11111611
934 615 1007 658 escu
1021 595 1103 659 11616.
1118 596 1165 659 lb.
1182 596 1271 656 1446.

184 703 326 784 Observ.)
347 704 414 765 Huc
429 704 511 765 refer
526 702 647 766 dicendi
668 705 911 784 56161666νυί61,
931 704 1151 784 deservirent,
1172 704 1317 784 trequen-

145 812 206 872 tius
220 813 254 872 in
267 813 480 873 instrumentis
490 811 709 873 ecclesiasticis
719 830 816 891 quarn
830 817 865 874 ut
876 813 1021 893 exempla
1032 812 1145 874 saltem
1159 812 1317 893 quaedam

146 935 212 978 non
235 918 420 998 proteram:
448 918 584 980 Clericos
608 920 660 998 qui
693 918 733 981 66
758 920 828 998 1666
851 921 990 981 61616116
1009 920 1201 982 deserviunt.
1231 917 1316 981 ele.

93 1027 98 1033 ’
143 1043 232 1087 66116.
247 1023 463 1114 Gabiloneuse,
480 1027 583 1099 6656,
600 1043 669 1087 can.
686 1028 735 1101 14,
753 1046 786 1107 p.
801 1027 871 1087 491.
899 1057 938 1076 -
959 1025 1006 1088 Ad
1029 1028 1133 1107 ipsum
1158 1024 1314 1105 templum

143 1132 269 1194 Domini
283 1114 367 1212 quod
381 1151 438 1196 noa
452 1134 636 1196 edificemus
657 1132 826 1198 deserviat.
850 1133 932 1214 Dipl.
951 1137 1027 1214 Reg.
1054 1135 1085 1210 5,
1101 1154 1129 1196 a.
1147 1133 1217 1209 666,
1238 1151 1269 1214 p.
1286 1133 1316 1209 8,

90 1319 95 1328 ἱ
141 1243 175 1304 4.
189 1273 231 1288 -·
244 1240 402 1303 Monaehis
416 1242 664 1318 deservientibus·
675 1240 716 1304 66
726 1241 892 1304 basilicam
907 1243 1015 1306 domui
1030 1240 1181 1323 Dyonisii.
1197 1241 1243 1304 lb.
1266 1241 1315 1315 16,

142 1367 175 1414 a.
186 1349 256 1423 631,
272 1367 304 1428 6.
321 1350 370 1424 18,
387 1349 437 1411 14.
458 1382 498 1394 -
518 1348 631 1411 Coram
651 1350 814 1412 sacerdote
836 1352 891 1431 qui
910 1349 950 1411 66
972 1348 1139 1412 ecclesiam
1163 1347 1313 1410 deservit.

140 1455 267 1518 LAlam.
280 1456 308 1529 1,
321 1458 351 1529 l,
366 1458 395 1518 l.
407 1488 447 1503 -
457 1454 503 1518 Aa
512 1456 648 1519 baselica
661 1455 727 1531 illa,
741 1456 818 1538 (aut)
829 1456 1033 1530 monasterio,
1045 1455 1205 1517 deservire
1221 1455 1317 1517 debe·

141 1562 195 1624 111.
212 1564 319 1627 Form.
333 1564 427 1625 Mare.
445 1563 474 1637 1,
487 1564 536 1639 19,
549 1581 581 1644 p.
594 1564 644 1638 55,
657 1565 707 1627 16.
719 1595 760 1612 -
769 1565 920 1626 Custodes
931 1562 984 1643 qui
995 1562 1035 1625 od
1047 1564 1114 1644 ipso
1125 1567 1233 1624 saneto
1246 1560 1318 1624 loco

143 1669 356 1733 deservivunt.
373 1672 480 1734 Form.
498 1669 553 1733 SB.
570 1672 618 1747 18,
635 1690 666 1752 6.
684 1673 753 1747 136,
772 1672 803 1732 6.
821 1706 860 1717 -
871 1670 1058 1750 Religiosos,
1076 1671 1130 1750 qui
1154 1669 1193 1731 66
1212 1668 1317 1749 ipsum

146 1776 322 1838 oratorium
337 1777 528 1840 deserviunt.
546 1777 656 1843 16611.
672 1796 706 1859 p.
722 1779 793 1851 168,
811 1779 841 1842 1.

184 1883 254 1945 Η66
277 1901 402 1964 quoque
422 1884 508 1945 refer
527 1885 680 1948 formulas
698 1886 818 1946 Latinis
841 1903 905 1947 non
923 1886 1048 1964 ignotas
1072 1883 1112 1946 66
1134 1900 1252 1959 cenem,
1277 1881 1319 1945 od

139 1984 260 2074 1661661,
283 1990 368 2049 616.;
394 1986 475 2046 Dum
490 1986 530 2048 66
555 2004 684 2048 caenam
704 2005 776 2048 cum
795 1988 904 2049 amicis
927 1987 991 2047 suis
1017 1985 1192 2066 6661116161.
1223 1984 1315 2064 Greg.

140 2093 215 2152 Tur.
237 2092 299 2152 llll.
318 2095 348 2168 3,
370 2092 618 2155 36-561116
643 2113 708 2157 non
731 2095 869 2174 amplius
891 2094 1062 2156 donasse...
1091 2109 1188 2173 quam
1214 2108 1314 2152 unum

138 2203 296 2260 treantem
312 2216 388 2262 6666
403 2202 458 2278 qui
473 2200 602 2261 servivit
625 2200 664 2263 66
685 2202 865 2281 prandium.
891 2201 936 2262 ld.
965 2198 1026 2260 VP.
1054 2199 1084 2273 6,
1108 2200 1138 2258 3.
1166 2231 1206 2242 -
1227 2195 1316 2269 Quod

137 2324 212 2367 eam
226 2305 267 2367 66
282 2324 423 2367 mensam
438 2325 494 2368 1611
516 2312 692 2386 quaereret.
710 2310 839 2369 Fortun.
860 2306 988 2370 VSltad.
1009 2308 1037 2367 7.
1065 2339 1105 2349 -
1127 2304 1315 2365 Cumauam

137 2412 332 2474 monachum
360 2432 417 2492 per
453 2414 532 2476 61166
557 2433 658 2478 annos
688 2414 828 2476 febribus
864 2413 1072 2476 decubantem
1099 2411 1139 2473 66
1160 2409 1313 2472 lectulum

136 2519 293 2581 visitaret.
310 2520 358 2582 16.
377 2520 531 2582 VSGerm.
557 2522 608 2583 58.
632 2553 672 2567 -
695 2519 741 2581 Ad
762 2538 906 2582 mensam
931 2523 1075 2581 nostram
1100 2518 1227 2598 quando
1248 2533 1313 2576 ser-

135 2625 244 2689 vierit.
264 2626 365 2706 Capit.
392 2628 460 2690 KM.
482 2646 512 2690 a.
532 2629 602 2703 806,
623 2647 654 2708 6.
677 2628 727 2703 86,
750 2629 799 2687 16.
822 2628 912 2700 Quod
938 2627 1034 2688 etiam
1061 2627 1247 2687 adservatur
1280 2621 1313 2682 in

135 2731 252 2809 gallico
283 2739 392 2795 nostro
417 2741 527 2813 postea
557 2733 774 2796 sermone:A
803 2753 863 2796 uue
887 2733 972 2796 table
997 2732 1183 2796 6611166616.
1209 2728 1308 2803 Amis,

135 2840 232 2904 1661.
247 2874 287 2885 -
300 2840 325 2902 11
340 2839 369 2901 16
383 2840 489 2904 1616611
504 2841 647 2919 maugier
662 2859 681 2903 o
695 2860 731 2903 66
744 2841 837 2905 table.
855 2841 959 2903 Joiuv.
975 2843 1023 2904 31.

705 3105 745 3167 11.
851 3053 854 3057 *

177 3257 389 3335 Designationi
416 3258 628 3337 proximitatis
655 3276 672 3318 6
707 3258 863 3336 positione
892 3257 1103 3336 provenientis
1136 3255 1308 3335 adiungere

133 3364 225 3426 decet
237 3364 390 3426 formulas
401 3363 901 3444 concurrautecdpraepositione
912 3366 1126 3440 concinnatas,
1145 3381 1237 3443 quae,
1248 3382 1311 3424 nou

132 3472 263 3534 exclusa
275 3473 433 3533 interdum
448 3474 576 3534 omnino
600 3472 747 3534 movendi
762 3473 901 3545 notione,
919 3472 946 3531 si
968 3473 1009 3533 ad
1025 3471 1181 3551 originem
1198 3471 1309 3532 adten-

131 3578 230 3654 dens,
247 3581 372 3658 signant
385 3578 571 3659 plusminus
594 3584 647 3640 aut
672 3578 939 3658 propinquitatem
966 3580 1012 3640 rei
1037 3579 1077 3639 ad
1095 3578 1238 3650 alteram,
1255 3580 1310 3638 6111

132 3687 167 3745 in
182 3684 251 3747 loeo
266 3687 444 3761 stationem,
458 3690 512 3746 aut
525 3687 714 3764 positionem
724 3686 885 3764 quandam
895 3686 1048 3764 corporis.
1061 3686 1168 3765 Neque
1178 3683 1310 3744 dubium

130 3791 257 3853 videtur
271 3790 347 3870 quin
365 3793 443 3853 istac
466 3792 639 3853 locutiones
662 3793 827 3852 6116661111
848 3791 1018 3870 evulgaris
1046 3790 1211 3852 latinitatis
1238 3809 1306 3864 usu,

130 3913 205 3958 eum
220 3898 360 3958 maximo
374 3903 484 3976 postea
510 3903 670 3960 momento
694 3898 926 3977 praevaluerint
949 3899 981 3959 in
997 3897 1111 3977 gallica
1126 3902 1235 3959 nostra
1249 3897 1309 3957 lin·

129 4021 217 4084 gua:
236 4004 292 4065 sed
306 4022 374 4066 rem
389 4006 541 4067 diiudices
557 4010 681 4086 oportet
696 4024 712 4066 e
728 4007 836 4085 paucis
851 4006 1023 4067 admodum
1046 4023 1127 4083 quae
1143 4007 1310 4084 supersunt

129 4111 286 4189 vestigiis.

171 4219 203 4299 a)
219 4219 391 4281 Seiunetim
406 4220 551 4298 inprimis
566 4238 742 4300 proponam
755 4220 927 4283 formulam
942 4219 1113 4299 signandae
1125 4218 1308 4298 propinqui-

130 4327 189 4387 tati
205 4329 402 4388 constantem
417 4344 434 4386 e
448 4328 684 4405 praepositione
712 4326 751 4388 66
769 4329 875 4388 iuncta
890 4345 961 4387 eum
978 4344 1084 4406 prope,
1100 4326 1190 4405 quasi
1201 4324 1307 4386 deela-

130 4431 235 4493 16166
247 4433 355 4493 sensui
370 4431 410 4494 66
425 4449 481 4512 661
495 4450 528 4494 66
543 4433 607 4494 iam
628 4451 692 4495 non
711 4433 855 4496 sufficiat.
872 4431 972 4505 Quam
994 4433 1121 4511 quidem
1135 4428 1306 4493 notabilem

1214 4536 1229 4585 6
